1883 3164
636 231 764 258 mmm
800 238 817 254 «
861 232 1103 259 t'NtfitiM'tl's
1144 242 1159 254 ·›
1584 223 1635 263 :39

157 312 486 356 necessarium:
524 327 572 353 ac
608 312 803 364 demum,
833 313 950 369 quod
990 313 1311 355 intolerabilius
1345 320 1424 356 est.
1457 317 1635 357 Sacrum

156 381 303 437 ipsum
325 380 428 421 novi
447 380 717 421 Testamenti
743 380 931 420 Textuni
957 380 1267 422 damnabilitm·
1293 383 1495 424 vitiatum
1518 401 1637 425 eoni—

159 448 423 505 pererimus,
469 453 511 489 et
557 447 683 489 alteri
725 448 893 489 dudum
936 449 1179 504 reprol)at‹·1¹
1220 451 1409 491 versioni
1458 452 1637 492 (lallica-

157 516 382 558 Montensi
417 516 461 556 in
499 515 654 556 multis
683 516 985 562 conformem:
1022 532 1044 557 a
1083 517 1263 569 vulgata
1305 534 1408 559 vero
1445 519 1637 559 editione

158 600 254 641 quw
284 588 347 625 tot
372 583 644 625 Sam-illorum
684 599 766 624 usu
796 584 838 624 in
868 584 1064 625 Ecclesia
1102 585 1281 640 probata
1318 593 1377 626 est
1420 592 1550 642 atque
1585 587 1638 627 ab

159 652 432 695 Orthodoxis
465 651 673 693 omnibus
710 666 787 707 pro
821 652 1076 693 authentica
1115 653 1265 694 haberi
1307 654 1453 697 debet.
1486 655 1638 695 multi-

159 720 333 778 pliciter
361 720 687 776 discrepantem
711 724 755 761 et
781 719 1076 764 aberrantem,
1104 722 1357 777 pluriesque
1388 722 1430 762 in
1452 722 1635 771 alienos,

157 789 370 838 exoticos,
403 804 452 829 ac
477 803 591 844 saepe
620 787 778 829 noxios
804 803 977 839 sensus,
1010 803 1096 829 non
1126 789 1220 830 sine
1249 790 1439 830 niaxilna
1466 806 1639 845 perver-

158 856 304 908 sitate,
338 855 576 898 detortum.

216 924 435 965 Eumdem
466 928 696 980 propterea
726 923 905 969 librum,
934 929 1086 981 utpote
1123 940 1198 981 pcr
1231 925 1382 966 dulces
1414 942 1638 966 sermones

158 997 202 1034 et
232 991 580 1035 benedictiones.
613 996 663 1032 ut
694 993 940 1048 Apostolus
970 992 1179 1050 loquitur.
1209 993 1290 1034 hoc
1325 999 1386 1034 cst
1416 994 1498 1034 sub
1531 994 1636 1034 salsa

158 1060 240 1117 piae
268 1060 564 1101 institutionis
587 1060 796 1115 imagine,
820 1060 1083 1101 seducendis
1106 1061 1408 1102 innocentium
1432 1062 1638 1102 cordibus

159 1128 289 1185 longe
329 1127 729 1171 accommodatum.
770 1128 862 1169 sive
901 1129 1164 1185 prwmissis,
1209 1129 1300 1169 sive
1346 1130 1430 1170 alio
1480 1130 1638 1185 quovis

156 1196 287 1238 titulo
320 1196 585 1252 inscriptum
616 1195 883 1252 ubicumque
915 1201 957 1237 et
984 1213 1265 1254 quocumque
1293 1197 1379 1237 alio
1411 1197 1635 1243 idiomate,

157 1280 234 1305 seu
275 1264 432 1320 quavis
467 1264 659 1305 editione
687 1269 762 1306 aut
792 1265 992 1305 versione
1022 1265 1235 1306 hactenus
1267 1265 1531 1320 impressum
1564 1269 1640 1304 aut

157 1332 203 1373 in
230 1337 457 1389 posterum
491 1331 628 1389 (quod
660 1331 794 1389 absit)
828 1332 1175 1389 imprimendum
1199 1333 1466 1374 authoritate
1496 1333 1639 1388 Apos-

155 1401 304 1451 tolica,
339 1405 490 1441 tenore
520 1400 803 1456 pra¹sentium
832 1401 990 1442 iteruin
1027 1401 1329 1457 prohibemus,
1362 1418 1410 1441 ae
1436 1401 1640 1441 similiter

156 1470 437 1519 damnamus,
467 1468 846 1526 quemadmodum
877 1469 1011 1510 etiam
1042 1469 1152 1510 alios
1181 1484 1334 1510 omnes
1368 1474 1411 1510 et¹
1438 1468 1638 1523 singulos

156 1538 200 1579 in
231 1536 327 1593 ejus
360 1535 667 1578 defensionem
707 1541 798 1578 tam
844 1537 1009 1593 scripto
1055 1553 1184 1593 quain
1228 1538 1346 1593 typis
1379 1537 1522 1577 editos
1562 1552 1638 1577 seu

156 1605 303 1647 forsan
339 1604 477 1662 (quod
508 1605 627 1646 Deus
669 1606 858 1657 avertat)
897 1605 1091 1646 edendos
1131 1605 1284 1656 libros,
1330 1621 1406 1646 scu
1446 1604 1634 1648 libellos,

156 1688 397 1730 eorumque
424 1673 678 1725 lectionem,
706 1673 1068 1730 descriptionem,
1101 1673 1407 1719 retentionem,
1439 1678 1481 1714 et
1509 1688 1637 1713 usum

156 1741 364 1798 omnibus
387 1746 430 1782 et
455 1741 644 1797 singulis
673 1741 1050 1783 Christilidelibus
1075 1741 1157 1782 sub
1179 1757 1306 1798 poena
1336 1740 1638 1781 excommuni-

157 1809 343 1852 cationis
380 1824 458 1866 per
493 1809 863 1851 contrafacientes
896 1810 992 1866 ipso
1023 1810 1139 1851 facto
1179 1809 1457 1859 incurrenda,
1488 1808 1637 1864 prohi-

156 1878 314 1919 bemus
343 1877 509 1933 pariter
535 1882 578 1918 et
606 1877 927 1919 interdicimus.

216 1945 504 2002 Praecipimus
523 1945 1059 2002 insuperVenerabilibus
1082 1945 1326 1989 Fratribus,
1350 1943 1633 1995 patriarchis,

156 2013 517 2070 Archiepiscopis
544 2018 586 2055 et
630 2013 862 2070 Episcopis
903 2013 1089 2069 aliisque
1132 2014 1330 2054 locorum
1374 2011 1632 2059 Ordinariis,

156 2097 328 2123 necnon
356 2081 573 2122 haereticae
594 2082 827 2138 pravitatis
851 2082 1194 2138 Inquisitoribus
1217 2086 1267 2123 ut
1291 2080 1637 2122 contradictores

156 2154 200 2191 et
229 2149 417 2190 rebelles
448 2165 751 2206 quoscumque
786 2166 862 2207 per
897 2166 1107 2191 censuras
1145 2155 1187 2191 et
1223 2165 1375 2205 poenas
1412 2148 1632 2204 pra-fatas,

155 2218 330 2274 aliaque
363 2217 476 2274 juris
506 2222 549 2259 et
586 2218 690 2259 facti
724 2219 934 2267 remedia,
971 2218 1177 2259 invocato
1202 2218 1333 2258 etiam
1377 2217 1430 2257 ad
1465 2215 1562 2265 hoe,
1600 2215 1635 2255 si

156 2301 267 2342 opus
294 2285 442 2337 fuerit,
467 2285 636 2327 brachii
662 2286 897 2328 Saecularis
925 2287 1105 2337 auxilio7
1135 2286 1314 2327 omnino
1344 2288 1573 2326 coerceant
1594 2288 1635 2323 et

156 2353 442 2410 compellant.

214 2421 435 2462 Volumus
462 2426 611 2463 autem
640 2427 688 2463 ut
723 2422 979 2463 earumdem
1007 2422 1294 2478 przesentium
1325 2419 1633 2475 transumptis,

157 2489 291 2530 etiam
321 2489 567 2546 impressis,
594 2505 729 2531 manu
763 2490 949 2546 alicujus
980 2490 1152 2531 Notarii
1179 2489 1346 2546 publici
1375 2487 1636 2542 subscriptis

157 2561 201 2598 et
245 2557 393 2612 sigillo
440 2573 640 2613 persona¹
676 2558 720 2598 in
755 2559 982 2613 Dignitate
1025 2557 1332 2599 Ecclesiastica
1384 2555 1635 2596 constituae

158 2625 357 2675 munitis,
385 2625 538 2666 eadem
569 2626 678 2666 fides
708 2641 889 2681 prorsus
931 2626 1191 2667 adhibeatur
1230 2640 1326 2680 qua·
1355 2623 1462 2679 ipsis
1501 2622 1635 2676 origi-

156 2691 335 2733 nalibus
356 2692 517 2733 litteris
545 2693 828 2735 adhiberetur
858 2694 894 2734 si
919 2694 1058 2734 forent
1089 2693 1296 2733 exhibita·
1332 2691 1400 2731 vel
1428 2696 1630 2730 ostensa·.

218 2759 343 2801 Nulli
375 2775 479 2815 ergo
510 2761 740 2803 hominum
768 2761 897 2803 liceat
928 2761 1039 2802 lianc
1070 2761 1275 2818 paginam
1306 2764 1466 2800 nosti-ze
1494 2757 1636 2798 decla-
