1883 3164
213 209 296 251 246
606 225 658 253 LA
692 226 962 255 SUPPRESSION
998 227 1072 254 DES
1104 218 1295 255 JESUITES

211 319 339 344 verso
387 303 627 353 christiano
675 306 771 347 orbi
823 306 1149 348 reconciliando
1196 308 1552 360 accomodatum,
1602 310 1690 351 nisi

213 371 410 412 Societas
444 372 536 428 ipsa
568 388 749 429 prorsus
776 374 1126 430 extingueretur,
1157 389 1206 415 ac
1233 389 1287 415 ex
1318 375 1492 431 integro
1517 378 1696 433 suppri-

214 444 429 490 meretur3
479 454 558 481 sua
600 441 764 482 idcireo
809 441 926 498 apud
976 441 1211 497 praefatum
1255 442 1535 484 Clementem
1591 444 1696 485 XIII

212 506 584 562 praedecessorem
617 513 919 565 exposuerunt
946 509 1110 560 studia,
1141 524 1190 550 ac
1217 509 1514 563 voluntatem,
1542 516 1585 552 et
1611 526 1698 567 qua

212 574 421 615 valebant
454 575 732 627 auctoritate,
779 582 822 617 et
857 576 1078 632 precibus,
1115 576 1367 632 conjunctis
1401 578 1535 619 simul
1577 579 1693 620 votis

212 641 566 696 expostularunt,
587 648 635 683 ut
660 643 967 685 efficacissima
989 659 1038 685 ea
1065 644 1233 685 ratione
1263 650 1491 701 perpetuae
1516 661 1698 687 suorum

212 708 490 749 subditorum
528 710 770 764 securitati,
800 711 1108 768 universaeque
1143 712 1352 753 Ecclesiae
1393 712 1508 754 bono
1545 713 1695 769 provi-

212 775 470 817 dentissime
499 777 766 820 consuleret.
798 778 883 828 Qui
907 784 1056 820 tamen
1081 784 1239 835 przeter
1265 781 1468 821 omnium
1489 785 1695 836 expecta-

211 844 378 884 tionem
427 844 612 899 eontigit
658 846 857 902 ejusdem
910 847 1133 903 pontificis
1187 847 1332 888 obitus
1389 848 1451 888 rei
1499 863 1692 900 cursum,

211 911 469 967 exitumque
497 927 677 967 prorsus
710 914 958 970 impedivit.
992 915 1106 955 Hine
1144 914 1272 955 nobis
1302 915 1346 956 in
1381 915 1535 956 eadem
1572 916 1694 956 Petri

210 978 433 1030 cathedra,
474 979 623 1021 divina
662 981 926 1037 disponente
954 981 1206 1034 clementia,
1236 983 1490 1024 constitutis
1527 983 1692 1024 eaedem

210 1046 368 1087 oblata¹
390 1053 494 1088 sunt
528 1063 695 1103 preces,
720 1050 974 1104 petitiones,
1007 1055 1049 1091 et
1078 1055 1197 1101 vota,
1222 1050 1384 1107 quibus
1412 1065 1491 1091 sua
1519 1065 1696 1108 quoque

208 1114 473 1155 addiderunt
494 1115 655 1162 studia,
675 1117 900 1172 animique
917 1118 1185 1158 sententiam
1208 1118 1404 1174 episcopi
1423 1118 1692 1174 complures,

208 1185 370 1241 aliique
391 1185 468 1226 viri
482 1185 716 1240 dignitate,
733 1187 1175 1243 doctrina,religione
1191 1188 1431 1244 plurimum
1450 1189 1694 1244 conspicui.

268 1253 459 1293 illalurfe
487 1254 827 1296 deliberationes
849 1257 1211 1310 ριἐθιηὶίίιιηίιιν,
1243 1263 1282 1297 el
1310 1257 1512 1297 (livinum
1537 1257 1694 1310 implo-

211 1326 341 1360 ratur
368 1320 591 1361 manilium
636 1322 679 1362 in
718 1338 763 1363 re
810 1328 897 1364 tam
937 1324 1086 1378 yravi,
1121 1325 1323 1379 tantique
1370 1324 1597 1366 momenti.
1638 1324 1697 1366 Ut

210 1393 360 1429 autem
408 1388 453 1428 in
496 1404 541 1429 re
587 1393 678 1430 tam
717 1391 864 1445 gravi,
908 1391 1109 1447 tantique
1153 1391 1368 1432 momenti
1419 1391 1696 1432 tutissimum

208 1471 468 1511 caperemus
495 1457 748 1509 consilium,
774 1457 982 1499 diuturno
1011 1458 1149 1499 Nobis
1176 1458 1390 1515 temporis
1412 1459 1555 1515 spatio
1583 1473 1695 1514 opus

208 1538 302 1563 esse
320 1523 636 1579 judicavimus,
664 1540 752 1565 non
785 1525 915 1566 modo
942 1531 990 1567 ut
1018 1525 1257 1581 diligenter
1282 1526 1522 1582 inquirere,
1548 1531 1694 1566 matu-

209 1717 311 1754 pour
350 1703 518 1740 retablir
549 1704 584 1741 la
615 1705 869 1756 tranquillite
900 1706 1000 1743 dans
1042 1706 1232 1744 l'univers
1267 1706 1452 1743 cliretien
1485 1719 1563 1757 que
1600 1705 1631 1742 si
1660 1705 1696 1743 la

208 1765 366 1802 Societe
389 1765 617 1803 elle—meme
648 1767 747 1804 etait
779 1767 1049 1805 entierement
1080 1769 1315 1819 supprimee
1343 1773 1383 1805 et
1411 1767 1557 1804 abolie.
1584 1766 1695 1804 C'est

210 1827 411 1878 pourquoi
431 1827 479 1863 ils
502 1828 620 1865 firent
641 1831 852 1866 connaitre
884 1844 932 1866 au
957 1831 1088 1867 meme
1110 1829 1299 1867 Clement
1330 1829 1443 1873 XIII,
1466 1833 1582 1866 notre
1606 1831 1695 1880 pre—

207 1889 435 1931 decesseur,
458 1889 565 1926 leurs
593 1889 720 1927 desire
748 1895 788 1928 et
812 1891 994 1929 volonte.
1021 1892 1127 1929 D'un
1152 1905 1346 1929 commun
1370 1890 1530 1937 accord,
1558 1889 1606 1927 ils
1640 1890 1695 1927 lui

208 1949 514 1996 ‹le1na11(lerenl,
549 1965 647 1989 avec
678 1952 882 1990 l‘autorile
923 1953 1043 2004 qu'ils
1078 1953 1254 1995 avaient,
1285 1957 1305 1990 a
1336 1951 1511 2004 laquelle
1544 1952 1591 1990 ils
1618 1952 1696 2003 joi-

209 2013 365 2061 gnirent
395 2012 500 2049 leurs
519 2013 673 2064 prieres
698 2018 738 2051 et
760 2014 865 2051 leurs
885 2015 1105 2062 instances,
1139 2015 1342 2052 d'assurer
1369 2028 1442 2066 par
1468 2027 1513 2051 cc
1546 2027 1695 2065 moyen

209 2076 287 2110 tres
310 2074 474 2111 ellit-aee
493 2074 528 2111 la
553 2075 804 2126 tranquillite
827 2077 1077 2127 perpetuelle
1097 2077 1146 2114 de
1178 2077 1287 2114 leurs
1319 2076 1446 2127 sujets
1468 2080 1510 2112 et
1534 2075 1568 2112 le
1605 2075 1695 2111 bien

209 2135 257 2172 de
277 2127 439 2183 l“l³]glise
467 2137 711 2174 universelle
733 2137 780 2174 de
807 2138 1104 2176 Jews-Christ.
1128 2138 1232 2175 Mais
1253 2138 1289 2175 la
1323 2141 1430 2174 mort
1451 2136 1500 2174 cle
1525 2150 1570 2174 ce
1592 2137 1696 2173 Pon—

211 2197 295 2241 lil'c,
320 2198 602 2248 inopinement
621 2212 838 2245 survenue,
873 2201 1004 2237 arreta
1027 2199 1062 2236 le
1083 2213 1202 2237 cours
1228 2199 1277 2236 (le
1299 2204 1404 2236 cette
1427 2198 1562 2236 affaire
1585 2203 1625 2234 et
1647 2211 1696 2234 en

209 2263 375 2295 enlrava
400 2259 434 2296 le
459 2259 748 2297 denouement.
775 2260 821 2297 Et
845 2261 996 2312 quand,
1021 2265 1038 2298 ἐι
1068 2265 1185 2298 notre
1211 2266 1316 2301 tour,
1342 2274 1414 2312 par
1436 2260 1557 2297 l‘effet
1584 2259 1633 2296 (le
1661 2259 1697 2296 la

210 2320 472 2357 misericorde
503 2320 654 2365 divine,
688 2335 789 2359 nous·
832 2322 962 2359 fames
999 2323 1099 2359 assis
1137 2322 1236 2360 dans
1266 2322 1299 2359 la
1333 2321 1468 2359 chaire
1505 2321 1554 2358 de
1588 2321 1696 2358 saint
1727 2357 1730 2359 ,

212 2382 366 2422 Pieri-e,
416 2395 518 2418 nous
561 2383 692 2420 fumes
732 2383 873 2435 l'objet
911 2384 981 2422 des
1022 2385 1174 2422 memes
1215 2384 1390 2435 pri'ereS,
1433 2383 1504 2420 des
1526 2383 1696 2440 'memes

210 2443 430 2480 demandes
451 2448 487 2480 el
505 2443 575 2480 des
594 2445 745 2482 memes
765 2445 984 2488 instances,
1005 2451 1043 2483 el
1061 2460 1115 2483 un
1134 2446 1258 2494 grand
1279 2445 1446 2483 nombre
1466 2444 1696 2495 d'Eveques

211 2510 247 2542 el
274 2504 452 2542 d'aulres
484 2519 759 2556 personnages
786 2507 987 2545 eminenls
1019 2521 1090 2559 par
1117 2508 1204 2545 leur
1227 2507 1400 2557 dignite,
1424 2506 1512 2543 leur
1539 2505 1696 2543 science

211 2574 247 2604 el
281 2567 366 2604 leur
387 2566 574 2615 religion,
595 2582 620 2619 y
642 2568 840 2619 ontjoint
861 2569 969 2607 leurs
991 2570 1118 2607 desirs
1143 2575 1181 2607 et
1205 2569 1313 2607 leurs
1336 2568 1436 2605 avis.

265 2628 368 2665 Mais
394 2634 601 2680 pourtant,
628 2629 729 2667 dans
766 2645 843 2668 une
873 2631 1010 2669 affaire
1041 2631 1147 2669 aussi
1176 2643 1299 2680 grave
1326 2635 1367 2667 et
1397 2629 1447 2666 de
1470 2628 1502 2666 si
1543 2627 1695 2677 grande

212 2691 478 2741 importanee,
503 2691 638 2728 resolu
674 2696 694 2728 a
730 2692 904 2743 prendre
933 2693 966 2730 le
1005 2692 1167 2744 partile
1202 2692 1295 2744 plus
1327 2692 1410 2735 sur,
1436 2703 1538 2728 nous
1566 2702 1694 2727 avons

210 2765 279 2789 cru
300 2752 415 2789 avoir
433 2752 574 2790 besoin
602 2753 697 2791 d'un
720 2754 816 2804 long
838 2759 983 2806 tempS,
1004 2768 1086 2792 non
1112 2754 1338 2792 seulement
1361 2765 1465 2804 pour
1484 2750 1583 2789 faire
1610 2763 1689 2788 une
