1883 3164
532 196 636 224 BREF
672 203 690 220 «
729 196 918 225 DOMINL'S
952 196 1003 223 Ac
1037 196 1282 224 REDEMPTOR
1320 203 1337 218 ιι
1602 182 1684 224 263

188 277 275 319 alia
313 277 528 318 servanda
561 282 604 319 et
648 276 930 334 adimplenda
968 282 1141 318 servata
1176 291 1264 317 non
1300 276 1480 327 fuerint,
1523 283 1596 318 aut
1634 293 1686 318 ex

187 359 469 401 quocumque
523 344 609 386 alio
659 345 803 402 capite
849 360 872 385 a
918 345 1019 402 jure
1063 345 1132 385 vel
1174 344 1504 386 consuetudine
1539 344 1687 401 aliqua

189 411 432 453 resultante
453 411 586 454 etiam
602 412 646 453 in
675 427 858 469 corpore
875 412 992 468 juris
1015 412 1184 462 clauso,
1211 426 1291 452 seu
1319 411 1449 453 etiam
1473 412 1684 461 enormis,

185 479 510 520 enormissimae
540 485 583 521 et
620 480 774 522 totalis
811 479 1009 520 lwsionis
1045 484 1087 520 et
1127 479 1287 534 quovis
1322 479 1410 520 alio
1447 484 1680 535 pra-textu,

173 533 434 597 ’occasione,
462 547 533 587 vel
568 562 716 593 causa,
750 547 885 588 etiam
921 546 1227 603 quamtumvis
1260 547 1397 603 justa.
1432 546 1684 588 rationabili

183 620 230 656 et
273 614 569 671 privilegiata,
615 615 749 657 etiam
800 614 877 655 tali
942 629 1040 671 quae
1085 613 1140 654 ad
1183 614 1392 655 allectum
1437 613 1683 654 validitatis

189 682 521 739 prwmissorum
561 682 810 724 necessario
849 681 1136 738 exprimenda
1173 681 1282 722 foret
1333 681 1492 731 notari,
1537 682 1682 738 impu-

183 750 330 806 gnari,
361 749 612 795 invalidari.
644 750 887 801 retractari,
914 750 956 790 in
977 749 1052 805 jus
1083 749 1154 790 vel
1179 749 1528 790 controversiam
1558 764 1683 790 revo-

183 818 292 869 cari,
319 822 395 858 aut
418 817 474 858 ad
502 817 843 873 terminosjuris
871 817 1019 858 reduci
1041 817 1113 857 ’vel
1136 816 1350 858 adversus
1375 816 1475 858 illas
1505 817 1682 858 restitu-

188 885 322 926 tionis
343 885 388 925 in
413 885 653 941 integrum,
684 885 945 942 aperitionis
969 885 1074 935 oris,
1108 884 1378 925 reductionis
1411 885 1464 925 ad
1493 884 1610 925 viam
1639 889 1683 925 et

188 953 402 994 terminos
433 952 546 1008 juris
579 958 655 994 aut
703 953 823 994 aliud
858 952 1172 1009 quodcumque
1197 951 1327 1008 juriS,
1368 952 1487 999 sacti,
1528 952 1681 1008 gratia·

189 1020 262 1061 vel
280 1020 467 1076 justitia·
489 1020 735 1061 remedium
758 1020 987 1076 impetrari
1011 1035 1089 1061 seu
1114 1019 1449 1076 quomodolibet
1469 1035 1680 1061 concesso

185 1093 265 1130 aut
306 1088 543 1144 impetrato
585 1088 840 1144 quempiam
872 1088 954 1135 uti,
986 1102 1063 1128 seu
1109 1103 1155 1128 se
1178 1087 1326 1143 juvari
1352 1088 1396 1128 in
1415 1087 1582 1144 judicio
1611 1087 1681 1128 vel

182 1159 305 1197 extra
339 1155 451 1197 illud
478 1170 624 1211 posse,
656 1156 732 1197 sed
760 1155 938 1197 easdem
961 1160 1202 1211 przesentes
1228 1170 1416 1212 semper,
1448 1160 1681 1212 perpetuo-

181 1238 270 1279 que
310 1223 498 1270 validas,
535 1224 686 1264 firmas
724 1228 766 1264 ct
808 1223 1009 1264 efficaces
1048 1222 1251 1264 existere*
1272 1228 1315 1264 et
1363 1223 1453 1263 fore
1487 1238 1680 1279 suosque

183 1291 413 1348 plenarios
449 1297 492 1333 et
531 1291 730 1346 integros
764 1291 947 1332 effectus
987 1291 1134 1331 sortiri
1180 1296 1223 1332 et
1267 1291 1467 1332 obtinere
1510 1305 1558 1331 ac
1604 1305 1681 1346 per

179 1373 338 1399 omnes
359 1364 403 1400 et
421 1357 642 1414 singulos,
665 1357 720 1399 ad
741 1374 854 1415 quos
878 1362 1064 1414 spectat,
1087 1363 1128 1399 et
1151 1357 1487 1414 quomodolibet
1508 1363 1680 1413 specta-

183 1425 264 1477 bit,
291 1426 335 1467 in
359 1425 557 1468 futurum
584 1425 902 1468 inviolabiliter
931 1425 1176 1467 observari.

178 1599 277 1637 elles
301 1613 403 1636 nous
431 1600 597 1637 aurions
631 1598 790 1649 neglige
813 1599 870 1636 les
891 1599 1117 1636 formalites
1144 1599 1309 1647 d'usage
1334 1613 1386 1636 ou
1413 1599 1468 1636 les
1499 1598 1675 1650 disposi-

183 1661 290 1699 tions
316 1661 414 1713 qu'il
439 1661 571 1699 aurait
598 1660 696 1698 fallu
723 1660 921 1698 observer
943 1666 981 1698 et
1010 1660 1202 1712 prendre.
1230 1660 1270 1697 ni
1304 1674 1410 1712 pour
1439 1667 1527 1698 tout
1559 1666 1675 1698 autre

182 1723 296 1775 point
321 1722 485 1774 capital,
510 1723 584 1760 tire
607 1723 685 1760 soit
715 1722 768 1760 du
793 1722 918 1765 droit,
939 1722 1017 1760 soit
1039 1722 1088 1760 de
1118 1722 1294 1774 quelque
1313 1729 1520 1764 coutume,
1545 1724 1675 1760 meme

183 1784 494 1836 iniplicitement
527 1790 730 1822 contenue
755 1784 856 1821 dans
884 1784 919 1822 le
952 1783 1112 1836 Corpus
1137 1782 1269 1837 juris.
1300 1798 1395 1822 sous
1426 1784 1461 1822 le
1492 1787 1676 1836 pretexte

181 1846 303 1884 d'une
335 1849 516 1888 enorme,
556 1846 679 1883 d'une
719 1849 800 1883 tres
838 1848 1005 1883 enorme
1037 1851 1076 1883 et
1112 1846 1267 1883 entiere
1303 1846 1447 1889 lesion,
1487 1846 1527 1883 ni
1567 1846 1674 1883 enlin

180 1921 276 1946 sous
307 1913 400 1946 tous
435 1913 571 1945 autres
606 1911 826 1959 pretexteS,
862 1907 1003 1945 motiss
1042 1921 1093 1945 ou
1135 1921 1291 1948 causes.
1319 1907 1496 1960 quelque
1526 1907 1672 1958 justes,

180 1969 461 2008 raisonnables
504 1983 557 2007 ou
598 1969 834 2020 privilegics
870 1969 990 2021 qu'ils
1033 1969 1220 2020 puissent
1268 1970 1368 2011 ctre,
1416 1971 1547 2007 meme
1593 1969 1674 2006 s'ils

182 2031 368 2069 auraient
399 2030 454 2068 du
500 2032 585 2069 etre
622 2031 963 2069 necessairement
998 2033 1174 2068 enonces
1207 2044 1312 2082 pour
1346 2030 1382 2069 la
1409 2030 1576 2068 validite
1619 2031 1673 2068 ‹lu

178 2098 357 2131 contenu
388 2092 438 2130 de
468 2105 513 2130 ce
538 2092 640 2130 bref.
682 2093 795 2130 Nous
827 2092 1055 2130 defendons
1087 2092 1183 2144 qu‘il
1213 2092 1288 2130 soit
1318 2092 1465 2144 jamais
1496 2092 1669 2138 discute,

176 2157 356 2207 attaque,
386 2154 579 2201 invalide,
607 2157 781 2192 retracte
813 2168 865 2192 ou
910 2156 1026 2205 porte
1066 2168 1115 2191 en
1149 2154 1314 2206 justice,
1342 2154 1467 2205 qu'on
1492 2154 1670 2205 invoque

179 2221 320 2254 contre
353 2216 410 2254 lui
443 2215 480 2254 le
507 2216 614 2254 droit
653 2215 702 2253 de
734 2216 971 2254 restitution
1005 2229 1053 2253 en
1083 2215 1228 2261 entier,
1265 2215 1314 2253 de
1346 2215 1591 2261 discussion,
1621 2215 1671 2253 de

179 2280 409 2326 reduction,
442 2294 514 2332 par
550 2281 607 2318 les
638 2281 750 2318 voies
788 2286 827 2318 et
867 2286 1014 2318 termes
1048 2280 1097 2318 de
1133 2280 1258 2327 droit,
1294 2294 1346 2318 ou
1389 2294 1461 2332 par
1495 2280 1670 2332 quelque

177 2347 294 2380 autre
324 2355 473 2393 moyen
494 2346 515 2380 a
536 2342 698 2380 obtenir
718 2341 768 2379 de
795 2341 919 2383 droit.
942 2342 991 2380 de
1023 2342 1110 2387 fait,
1139 2341 1188 2380 de
1213 2344 1332 2393 grace
1354 2356 1407 2380 ou
1435 2342 1483 2380 de
1502 2342 1668 2394 justice,

180 2403 229 2441 de
259 2402 435 2455 quelque
459 2403 639 2441 mamere
669 2403 767 2455 qu'il
802 2405 871 2441 eut
902 2417 955 2454 pu
987 2405 1071 2441 etre
1103 2404 1275 2442 accorde
1306 2409 1343 2441 et
1379 2404 1532 2441 obtenu
1567 2417 1670 2455 pour

179 2465 263 2503 s‘en
293 2464 423 2502 servir
459 2470 547 2502 tant
575 2478 622 2502 en
648 2464 799 2516 justice
820 2464 1139 2516 qu'autrement.
1168 2465 1282 2502 Nous
1306 2465 1479 2503 voulons
1507 2478 1671 2516 expres-

179 2529 336 2564 sement
357 2540 435 2577 que
464 2526 499 2563 le
524 2528 687 2577 present
712 2525 803 2563 bref
826 2526 905 2563 soit
937 2526 1007 2563 des
1031 2539 1076 2564 ce
1101 2532 1296 2571 moment,
1322 2526 1392 2563 des
1414 2526 1670 2563 maintenant

181 2593 221 2626 et
245 2591 265 2625 ὲ
290 2588 522 2640 perpetuite
543 2586 690 2629 valide,
714 2586 844 2624 stable
864 2592 902 2624 et
929 2587 1090 2625 efficace
1110 2600 1118 2629 ;
1145 2588 1241 2639 qu'il
1265 2587 1457 2638 produise
1482 2592 1520 2624 et
1545 2586 1669 2637 garde

179 2663 254 2687 son
283 2649 394 2701 plein
427 2654 467 2687 et
497 2649 628 2687 entier
666 2649 773 2695 etl'et,
810 2653 850 2685 et
880 2647 979 2700 qu'il
1019 2649 1096 2686 soit
1128 2648 1464 2686 inviolablement
1499 2648 1667 2685 observe

180 2724 257 2764 par
285 2715 378 2749 tous
410 2716 450 2749 et
479 2724 553 2762 par
579 2710 735 2748 chacun
766 2711 816 2747 de
847 2723 948 2747 ceux
975 2714 997 2747 a
1031 2710 1099 2761 qui
1130 2709 1158 2747 il
1186 2709 1419 2761 appartient
1452 2715 1489 2747 et
1521 2723 1667 2761 appar-
