1883 3164
526 212 628 241 BREF
663 217 681 236 «
721 211 904 241 Domxrs
938 212 987 239 Ac
1020 211 1267 240 REDEMPTOR
1303 220 1321 234 υ
1581 198 1660 239 2551

185 293 376 349 majores
405 293 527 349 ipsos
552 292 730 333 ordines
761 292 1015 348 promoveri
1053 296 1288 347 przMextu,
1320 297 1395 333 aut
1430 293 1559 333 titulo
1600 293 1671 333 vel

178 361 273 418 jam
315 361 490 402 emissa*
532 360 577 401 in
623 360 843 401 Societate
891 359 1183 416 professionis
1221 359 1291 400 vel
1335 359 1671 416 privilegiorum

181 433 335 470 contra
354 427 531 469 concilii
546 427 791 468 Tridentini
810 427 985 468 decreta
1003 426 1146 467 eidem
1167 426 1668 468 Societaticollatorum.

239 495 458 546 Quoniam
488 510 594 536 vero
628 510 678 535 eo
714 499 867 536 nostra
893 494 1086 536 tendunt
1113 493 1277 545 studia,
1306 499 1355 535 ut
1382 495 1673 550 quemadmo-

181 563 288 605 dum
314 562 524 604 Ecclesia¹
551 562 838 605 utilitatibus.
860 578 910 603 ac
938 561 1202 618 populorum
1226 561 1541 618 tranquillitati
1570 577 1674 602 con-

183 631 327 672 sulere
361 631 582 687 cupimus,
612 630 673 672 ita
707 629 898 685 singulis
925 629 1125 686 ejusdem
1154 628 1381 684 religionis
1409 629 1668 678 individuis,

183 713 261 739 seu
283 698 429 749 sociis,
455 713 643 754 quorum
672 697 920 749 singulares
954 712 1165 753 personas
1194 702 1374 753 paterne
1400 697 1442 737 in
1481 697 1671 737 Domino

184 765 430 821 diligimus,
461 764 659 806 solamen
686 764 883 820 aliquod.
905 770 947 805 et
969 764 1186 805 auxilium
1213 765 1367 805 afferre
1394 763 1668 809 studeamus,

187 837 237 874 ut
263 832 318 874 ab
346 832 570 877 omnibus.
591 831 754 889 quibus
772 832 989 873 hactenus
1017 831 1164 873 vexati
1193 831 1385 877 fuerunt.
1423 832 1673 873 contentio-

183 900 335 951 nibus,
380 900 593 946 dissidiis,
636 905 680 941 et
723 898 966 955 angoribus
1003 899 1147 951 liberi,
1191 899 1461 940 fructuosius
1498 899 1673 940 vineam

185 968 365 1008 Domini
404 967 579 1024 possint
613 967 814 1008 excolere
847 972 891 1008 et
926 967 1175 1008 animarum
1207 966 1341 1008 saluti
1370 967 1550 1008 uberius
1574 982 1675 1023 pro-

188 1035 344 1085 desse3
385 1035 484 1076 ideo
527 1035 830 1078 decernimus,
868 1040 909 1075 et
956 1035 1292 1084 constituimus,
1335 1039 1383 1075 ut
1426 1035 1534 1075 socii
1575 1050 1677 1091 pro·

187 1102 296 1144 fessi
329 1108 534 1144 votorum
579 1103 812 1144 dumtaxat
854 1102 1149 1158 simplicium,
1191 1107 1234 1142 et
1271 1103 1406 1143 sacris
1446 1101 1677 1143 ordinibus

185 1169 384 1211 nondum
423 1170 602 1214 initiati,
643 1171 757 1211 intra
791 1170 985 1226 spatium
1025 1170 1235 1226 temporis
1266 1186 1290 1210 a
1328 1170 1524 1211 locorum
1562 1169 1676 1209 ordi-

185 1238 322 1279 nariis
373 1237 698 1290 deliniendum,
744 1238 852 1278 satis
892 1252 1137 1291 congruum
1180 1237 1235 1278 ad
1272 1252 1434 1278 munus
1476 1236 1672 1293 aliquod.

183 1306 254 1347 vel
282 1305 493 1353 officium,
521 1305 593 1346 vel
619 1305 890 1346 benevolum
918 1310 1191 1360 receptorem
1219 1305 1553 1346 inveniendum.
1587 1319 1674 1344 non

182 1378 332 1414 tamen
368 1388 457 1414 uno
494 1388 610 1414 anno
656 1372 833 1427 longius
879 1388 902 1413 a
949 1373 1049 1413 data
1093 1372 1380 1429 praesentium
1418 1377 1668 1413 nostrarum

181 1440 430 1482 litterarum
459 1440 728 1483 inchoando.
766 1439 975 1480 domibus
1002 1444 1045 1481 et
1072 1439 1272 1496 collegiis
1299 1439 1499 1496 ejusdem
1529 1439 1675 1480 Socie-

180 1508 286 1550 tatis
335 1508 466 1549 omniv
513 1513 716 1549 votorum
772 1507 1046 1564 simplicium
1099 1507 1276 1548 vinculo
1332 1507 1467 1548 soluti
1525 1506 1675 1562 egredi

183 1686 286 1710 ceux
307 1673 377 1724 qui
403 1673 519 1710 n'ont
549 1672 622 1710 fait
651 1686 729 1723 que
759 1671 829 1710 des
863 1685 987 1709 voeux
1018 1671 1184 1723 simples
1212 1677 1251 1709 et
1282 1672 1395 1709 n'ont
1430 1685 1576 1709 encore
1610 1673 1674 1708 ete

183 1734 318 1771 inities
333 1738 354 1772 a
369 1747 502 1772 aucun
519 1734 638 1772 ordre
660 1736 771 1772 sacre'
791 1734 976 1785 puisseut
995 1748 1020 1785 y
1042 1735 1127 1771 etre
1144 1747 1327 1785 promus„
1347 1747 1398 1770 ou
1416 1747 1511 1770 sous
1532 1732 1566 1770 le
1588 1735 1675 1784 pre-

182 1800 291 1834 texte
312 1800 352 1834 et
372 1796 465 1833 titre
481 1796 530 1834 de
548 1796 638 1833 leur
657 1795 886 1847 profession
911 1795 1012 1832 dans
1040 1795 1077 1832 la
1108 1795 1282 1836 Societe,
1308 1808 1360 1832 ou
1390 1797 1410 1831 a
1439 1794 1573 1832 raison
1603 1793 1674 1830 (les

182 1856 397 1909 privileges
418 1862 440 1895 a
463 1857 539 1895 elle
565 1857 757 1895 accordes
779 1857 1101 1895 contrairement
1124 1871 1201 1894 aux
1233 1856 1391 1894 (lecrets
1421 1855 1474 1893 du
1499 1855 1668 1894 Concile

181 1918 230 1957 de
251 1919 418 1963 Trente.

236 1997 253 2016 «
277 1980 382 2019 Mais
403 1994 560 2018 comme
580 1994 653 2018 nos
675 1983 815 2018 efforts
835 1980 1003 2018 tendent
1023 1984 1042 2017 a
1069 1993 1231 2018 assurer
1252 1979 1287 2017 le
1318 1979 1410 2016 bien
1435 1978 1598 2029 general
1621 1978 1671 2016 de

180 2033 344 2093 l'Eglise
365 2047 405 2080 et
425 2043 462 2080 la
484 2041 737 2094 tranquillite
756 2041 826 2080 des
849 2042 1032 2093 peuples,
1058 2046 1147 2079 tout
1167 2055 1215 2078 en
1239 2045 1458 2092 apportant
1475 2040 1674 2092 quelques

180 2103 459 2142 consolations
484 2106 523 2142 et
548 2117 712 2141 secours
742 2108 762 2141 a
792 2103 951 2141 chacun
984 2103 1055 2140 des
1079 2102 1281 2140 membres
1307 2103 1355 2140 (16
1380 2107 1486 2140 cette
1512 2102 1673 2139 Societe

181 2165 284 2203 dont
322 2179 426 2204 nous
459 2165 691 2204 cherissons
729 2165 988 2203 tendrement
1025 2164 1126 2202 dans
1169 2164 1204 2202 le
1247 2165 1447 2213 Seigneur
1484 2168 1576 2201 tous
1617 2163 1675 2200 les

181 2227 385 2265 membres
415 2241 464 2265 en
496 2226 748 2279 particulier,
772 2240 931 2264 comme
966 2240 1069 2264 nous
1105 2226 1279 2264 voulons
1309 2239 1401 2277 que,
1430 2225 1603 2263 delivres
1625 2224 1674 2262 de

181 2293 317 2326 toutes
341 2288 397 2326 les
421 2288 638 2340 querelles‚
669 2288 856 2340 disputes
879 2294 918 2326 et
940 2288 1161 2326 afflictions
1182 2286 1418 2339 auxquelles
1444 2287 1491 2324 ils
1514 2292 1584 2324 ont
1611 2288 1674 2323 ete

181 2350 302 2387 livres
319 2350 483 2401 jusqu'a
519 2363 564 2388 ce
590 2350 702 2401 jour,
735 2350 782 2387 ils
812 2350 1013 2388 cultivent
1049 2363 1149 2388 avec
1174 2349 1265 2401 plus
1287 2349 1337 2387 de
1362 2349 1463 2386 fruit
1488 2348 1524 2386 la
1553 2348 1674 2399 vigne

181 2412 237 2450 du
257 2411 458 2461 Seigneur
477 2416 516 2449 et
541 2411 775 2449 travaillent
796 2425 894 2449 avec
916 2411 1007 2463 plus
1028 2411 1078 2449 de
1097 2414 1238 2449 succes
1257 2425 1307 2449 au
1326 2410 1430 2448 salut
1450 2410 1521 2448 des
1538 2412 1670 2455 ames;

181 2487 283 2511 nous
311 2477 497 2511 statuons
524 2478 564 2510 et
591 2472 830 2510 ordonnons
854 2486 934 2524 que
960 2472 1018 2510 les
1052 2473 1254 2511 membres
1288 2472 1337 2510 de
1366 2477 1472 2510 cette
1506 2471 1667 2509 Societe

180 2535 249 2587 qui
271 2536 387 2573 n'ont
414 2534 488 2572 fait
509 2547 588 2586 que
612 2533 682 2572 des
705 2548 828 2572 voeux
850 2533 1017 2586 simples
1039 2540 1079 2572 et
1100 2534 1170 2586 qui
1194 2548 1242 2571 ne
1265 2538 1358 2571 sont
1382 2533 1497 2585 point
1523 2544 1672 2570 encore

181 2599 316 2634 entres
341 2596 441 2634 dans
462 2596 519 2634 les
545 2596 697 2634 Ordres
719 2598 866 2637 sacres,
892 2600 1030 2633 seront
1048 2595 1175 2633 delie's
1197 2595 1245 2633 de
1270 2608 1336 2633 ces
1359 2595 1510 2632 memes
1529 2607 1666 2639 vfeux,

181 2658 300 2710 qu'ils
327 2658 523 2696 sortiront
550 2662 641 2695 tous
663 2657 713 2694 de
738 2656 846 2694 leurs
875 2657 1054 2695 maisons
1083 2662 1123 2694 et
1147 2656 1329 2707 colleges‘
1359 2669 1463 2707 pour
1493 2654 1669 2706 prendre

181 2718 218 2757 le
248 2733 370 2771 genre
394 2719 444 2757 de
471 2719 537 2757 vie
559 2733 638 2771 que
667 2719 826 2756 chacun
846 2718 995 2770 jugera
1022 2718 1057 2756 le
1082 2718 1175 2769 plus
1199 2717 1410 2755 conforme
1438 2721 1459 2754 a
1482 2730 1525 2754 sa
1546 2730 1668 2754 voca-
