1883 3164
538 211 638 239 nnssr
672 216 690 235 «
730 212 914 240 Donlxrs
947 212 995 240 Ac
1027 213 1270 242 REDEMPTOR
1311 220 1328 234 ι»
1582 198 1666 239 235

182 297 451 351 illorumque
482 292 598 334 bona
629 307 921 348 quercumque
948 293 1003 334 ab
1031 294 1152 334 omni
1181 293 1506 349 superioritate,
1531 292 1666 349 juris·

178 365 389 414 dictione,
414 360 702 412 correctione,
723 375 1121 417 quorumcumque.
1143 361 1466 402 ordinariorum
1483 361 1661 411 exemit,

183 437 228 474 et
259 429 521 479 vindicavit,
554 443 603 468 ac
635 427 717 468 sub
745 443 839 473 sua.
870 433 913 469 et
943 429 1199 485 apostolica¹
1232 428 1359 470 Sedis
1393 428 1665 483 protectione

179 498 394 555 suscepit.

237 566 429 607 ,llzlnera
458 564 594 604 eidem
627 564 892 604 concredita.
928 563 1056 604 Haud
1092 563 1238 603 minor
1274 562 1355 604 fuit
1393 563 1663 618 reliquorum

178 633 555 692 praedecessorum
579 630 844 671 Nostrorum
863 631 1064 672 eamdem
1089 646 1192 685 erga
1216 630 1483 672 Societatem
1508 629 1664 670 libera-

176 702 295 746 litas,
322 715 372 741 ac
400 699 719 740 munificentia.
752 697 939 740 Constat
966 698 1084 740 enim
1114 713 1136 739 a
1167 698 1411 739 recolenda¹
1439 698 1663 737 memoria·

172 768 293 810 Julio
317 767 394 817 ΙΙΙ,
420 766 558 808 Paulo
578 766 651 809 IV,
677 771 718 806 et
744 766 822 806 Pio
847 766 920 817 IV,
940 772 982 807 et
1006 767 1058 811 V,
1080 766 1296 821 Gregorio
1320 765 1439 811 XIII,
1463 765 1588 807 Sixto
1607 766 1659 815 V,

175 836 391 891 Gregorio
417 834 534 885 XIV,
567 833 798 875 Clemente
823 833 942 878 VIII.
974 834 1110 875 Paulo
1131 834 1184 877 V.
1218 834 1362 874 Leone
1386 832 1460 884 XI,
1496 832 1662 887 Grego-

175 903 240 944 rio
279 903 375 946 XV.
407 901 586 944 L'rbano
614 900 735 949 ΥΙΙΙ,
767 901 955 957 aliisque
992 901 1185 942 romanis
1216 900 1502 957 pontificibus
1528 900 1663 956 privi—

176 971 290 1027 legia
327 970 472 1011 eidem
512 969 725 1010 Societati
756 969 848 1024 jam
893 974 1021 1010 antea
1058 969 1239 1013 tributa.
1285 969 1354 1009 vel
1399 970 1661 1009 confirmata

175 1037 326 1083 fuisse,
351 1037 422 1078 vel
451 1037 578 1077 novis
602 1042 729 1078 aucta
752 1036 1097 1079 accessionibus.
1118 1037 1188 1077 vel
1212 1036 1491 1092 apertissime
1512 1035 1659 1076 decla-

178 1111 286 1147 rata.
313 1105 378 1146 Ex
414 1105 511 1160 ipso
545 1110 692 1145 tamen
716 1104 1062 1160 apostolicarum
1087 1104 1462 1145 constitutionum
1488 1109 1656 1154 tenore,

173 1179 215 1214 et
243 1173 392 1214 verbis
429 1172 576 1229 palam
606 1171 831 1223 colligitur
863 1172 1016 1213 eadem
1046 1172 1089 1212 in
1126 1172 1346 1213 Societate
1380 1187 1459 1212 suo
1490 1171 1578 1211 fere
1605 1170 1659 1211 ab

173 1241 299 1282 initio
320 1240 439 1281 varia
464 1239 766 1284 dissidiorum,
794 1255 842 1280 ac
870 1239 1206 1280 {emulationum
1226 1239 1393 1280 semina
1415 1238 1659 1294 pullulasse

174 1309 294 1365 ipsos
318 1323 407 1349 non
436 1306 566 1348 modo
595 1307 710 1347 inter
736 1307 894 1356 socios,
926 1322 1081 1348 verum
1109 1307 1242 1348 etiam
1273 1322 1373 1348 cum
1401 1306 1500 1346 aliis
1529 1321 1659 1361 regu-

171 1376 337 1417 laribus
361 1374 607 1425 ordinibus,
627 1373 744 1415 clero
761 1375 975 1417 saeculari.
995 1374 1248 1418 academiis,
1273 1373 1655 1423 universitatibus,

169 1443 360 1500 publicis
386 1442 615 1483 literarum
640 1442 904 1497 gymnasiis,
947 1448 989 1483 et
1017 1458 1117 1483 cum
1147 1442 1255 1498 ipsis
1289 1442 1422 1482 etiam
1452 1441 1659 1498 principi-

170 1511 268 1561 bus,
287 1524 476 1567 quorum
489 1510 531 1550 in
546 1509 792 1551 ditionibus
809 1510 998 1551 societas
1012 1510 1154 1551 fuerat
1171 1515 1370 1566 excepta.
1391 1509 1657 1564 easdemque

168 1578 497 1627 contentiones,
529 1582 572 1618 et
600 1576 784 1618 dissidia
816 1578 1005 1619 excitata
1035 1577 1166 1618 modo
1201 1578 1336 1618 fuisse
1370 1577 1422 1618 de
1453 1582 1657 1618 votorum

168 1758 319 1783 sonnes
340 1758 498 1782 comme
525 1744 633 1781 leurs
657 1744 786 1784 biens.
810 1745 944 1782 furent
968 1745 1238 1782 entierement
1264 1745 1479 1782 soustraits
1500 1749 1519 1781 a
1545 1748 1656 1781 toute

167 1806 358 1848 autorite,
378 1806 621 1857 juridiction
643 1812 681 1843 et
707 1806 922 1857 discipline
948 1807 1017 1844 (les
1050 1807 1302 1847 Ordinaires,
1328 1807 1362 1844 le
1387 1807 1496 1858 Pape
1516 1819 1658 1843 reven-

166 1867 338 1920 diquant
355 1881 460 1919 pour
480 1867 534 1905 lui
548 1873 586 1905 et
604 1867 639 1905 le
659 1868 775 1918 Siege
797 1868 1069 1920 Apostolique
1090 1869 1125 1906 le
1147 1868 1290 1906 devoir
1305 1868 1353 1906 de
1374 1868 1430 1905 les
1447 1870 1652 1919 proteger.

222 1931 333 1967 Dans
369 1930 405 1967 la
437 1930 557 1971 suite,
596 1943 668 1966 nos
705 1936 842 1967 autres
879 1930 1193 1982 predecesseurs
1228 1930 1341 1968 n‘ont
1386 1944 1456 1981 pas
1496 1930 1655 1966 montre

166 2005 313 2029 envers
355 1996 462 2029 cette
505 1991 666 2029 Societe
713 1991 844 2028 moins
881 1991 931 2029 de
965 1993 1237 2030 munificence
1271 1998 1311 2029 et
1353 1991 1403 2029 de
1438 1991 1652 2028 liberalite.

167 2053 281 2091 Jules
315 2053 389 2097 ΙΙΙ,
430 2052 528 2091 Paul
564 2053 633 2093 IV.
667 2053 737 2090 Pie
774 2053 842 2095 IV,
884 2054 951 2091 Pie
986 2054 1035 2096 V,
1074 2054 1273 2104 Gregoire
1317 2053 1422 2094 Xlll,
1460 2053 1572 2090 Sixte
1603 2052 1651 2097 V,

167 2115 367 2163 Gregoire
396 2108 505 2158 XIV,
534 2114 722 2152 Clement
752 2116 865 2155 Vlll.
897 2116 997 2153 Paul
1023 2116 1072 2158 Y,
1105 2117 1214 2153 Leon
1244 2116 1314 2157 XI,
1345 2115 1542 2165 Gregoire
1564 2113 1651 2151 XV.

169 2176 323 2214 Urbain
350 2177 450 2214 Vlll
482 2182 522 2214 et
554 2176 733 2214 d'autres
765 2177 1015 2215 Souverains
1048 2178 1233 2215 Pontifes
1264 2183 1333 2215 ont
1366 2190 1417 2214 ou
1441 2176 1651 2218 confirme,

166 2251 220 2275 ou
240 2252 375 2282 aecru,
402 2251 454 2276 ou
479 2238 706 2276 determine
731 2238 821 2290 plus
851 2239 1090 2277 clairement
1120 2239 1177 2276 les
1206 2239 1425 2291 privileges
1450 2237 1655 2276 anterieu-

166 2304 323 2336 rement
345 2299 559 2337 concedeS.
586 2301 635 2337 Et
659 2306 869 2351 pourtant.
887 2315 961 2352 par
982 2302 1018 2339 la
1047 2307 1193 2339 teneur
1215 2302 1345 2338 meme
1367 2306 1406 2339 et
1429 2300 1484 2338 les
1508 2306 1654 2337 termes

165 2361 214 2398 dc
243 2374 309 2398 ces
344 2360 652 2398 Constitutions
685 2362 979 2414 apostoliques,
1005 2363 1032 2400 il
1061 2369 1123 2401 est
1156 2363 1279 2400 etabli
1311 2377 1390 2414 que
1415 2362 1451 2400 la
1476 2362 1651 2406 Societe',

166 2435 340 2474 presque
373 2427 395 2460 a
428 2436 468 2459 sa
502 2423 729 2467 naissance,
762 2424 822 2461 vit
857 2424 1033 2475 pulluler
1071 2425 1170 2462 dans
1205 2439 1278 2462 son
1316 2425 1401 2462 sein
1443 2424 1654 2461 differents

165 2497 323 2534 germes
348 2483 397 2521 de
421 2483 632 2521 discordes
671 2489 710 2521 et
753 2485 802 2522 de
825 2485 1039 2537 jalousies,
1063 2486 1132 2538 qui
1157 2500 1236 2524 non
1265 2487 1489 2524 seulement
1513 2485 1653 2522 dechi-

167 2548 303 2583 rerent
323 2559 390 2596 ‘ses
415 2545 631 2587 membres,
658 2546 759 2583 mais
782 2546 839 2584 les
860 2553 996 2585 autres
1019 2547 1170 2585 Ordres
1190 2548 1419 2595 ReligieuX.
1447 2548 1483 2584 le
1508 2546 1653 2595 Clerge

165 2607 351 2650 seculier,
376 2607 432 2644 les
451 2606 707 2649 Academies,
739 2608 795 2645 les
829 2608 1100 2649 Universites.
1127 2609 1182 2646 les
1204 2609 1405 2659 Colleges.
1430 2608 1487 2646 les
1511 2599 1652 2646 Ecoles

165 2668 398 2720 pubbques,
431 2668 487 2706 les
524 2669 772 2728 Souverains
805 2671 1060 2707 eux-memes
1093 2671 1162 2722 qui
1203 2671 1363 2708 avaient
1399 2670 1582 2708 accueilli
1616 2670 1652 2708 la

168 2730 326 2768 Societe
348 2730 448 2768 dans
471 2730 578 2768 leurs
601 2731 728 2768 Etats.
753 2730 803 2768 Et
822 2744 888 2768 ces
914 2731 1111 2776 troubles,
1133 2746 1199 2769 ces
1218 2732 1468 2769 dissensions
1489 2731 1654 2769 avaient
