1883 3164
208 210 291 252 234
607 224 658 251 LA
692 222 962 251 snrrREsslox
998 222 1072 251 Das
1103 217 1293 252 msmrsss

206 305 244 345 ei
271 304 354 346 fuit
378 304 566 346 facultas
593 303 811 344 condendi
828 303 943 358 jura,
977 308 1108 360 atque
1146 309 1326 357 statuta,
1352 305 1516 362 quibus
1541 306 1690 348 Socie-

206 372 310 413 tatis
334 372 556 428 praesidio,
588 370 898 421 incolumitati,
920 376 1051 427 atque
1076 372 1282 428 regimini
1308 373 1563 414 firmissime
1588 388 1690 414 con-

208 440 440 481 suleretur.
472 440 528 481 Et
551 438 758 495 quamvis
783 438 900 479 idem
923 438 1090 483 Paulus
1111 440 1408 496 praedecessor
1432 440 1689 482 societatem

206 509 347 564 ipsam
375 506 707 562 angustissimis
738 506 968 561 sexaginta
998 506 1232 548 dumtaxat
1260 507 1543 549 alumnorum
1572 508 1689 549 limi-

207 576 325 617 tibus
353 575 407 615 ab
429 574 554 615 initio
584 573 1035 629 circumscripsisset:
1066 589 1144 630 per
1177 575 1287 615 alias
1314 579 1463 616 tamen
1492 591 1593 616 suas
1620 575 1690 617 iti-

207 645 307 685 dem
332 642 413 683 sub
436 642 618 698 plumbo
640 641 779 697 pridie
805 641 1019 681 kalendas
1041 642 1203 691 martii,
1222 657 1337 682 anno
1367 642 1690 684 Incarnationis

209 710 451 751 Dominicze
480 709 732 758 MDXLIII,
765 708 996 764 expeditas
1023 709 1175 750 literas
1207 709 1355 750 locum
1383 710 1502 751 dedit
1536 710 1689 751 eadem

205 779 248 818 in
271 778 491 819 Societate
520 777 573 817 iis
607 775 814 816 omnibus
841 791 954 832 quos
977 776 1021 816 in
1048 791 1144 817 eam
1173 777 1373 833 excipere
1397 777 1519 818 illius
1541 777 1689 819 mode-

204 846 424 886 ratoribus
456 845 602 885 visum
628 844 786 884 suisset
810 849 1112 899 opportunum
1133 850 1210 886 aut
1237 845 1538 886 necessarium
1556 845 1688 886 Anno

205 913 362 953 deinde
382 912 614 953 MDXLIX
639 912 730 952 suis
755 911 798 951 in
825 911 960 951 simili
985 911 1125 952 forma
1144 913 1299 953 Brevis
1320 913 1390 953 die
1410 913 1491 953 XV
1507 927 1689 953 novem-

205 981 295 1021 bris
328 980 547 1036 cxpeditis
586 979 726 1020 literis
766 979 883 1019 idem
929 979 1094 1020 Paulus
1132 980 1430 1035 praedecessor
1466 980 1686 1036 pluribus,

203 1056 335 1107 atque
363 1050 655 1106 amplissimis
685 1049 933 1105 privilegiis
961 1049 1161 1091 eamdem
1183 1050 1452 1091 Societatem
1485 1050 1685 1102 donavit,

204 1134 252 1159 ac
280 1119 323 1158 in
339 1118 407 1158 his
426 1118 650 1158 indultum
674 1117 784 1158 alias
809 1132 886 1173 per
907 1117 1109 1158 eumdem
1132 1118 1383 1173 praepositis
1407 1117 1690 1173 generalibus

202 1186 330 1227 dicta¹
358 1185 592 1226 Societatis
624 1200 886 1225 concessum
913 1185 1177 1226 admittendi
1204 1186 1364 1241 viginti
1401 1185 1685 1241 presbyteros

203 1253 482 1309 coadjutores
519 1253 790 1308 spiritualeS,
833 1253 985 1309 eisque
1024 1253 1306 1309 impertiendi
1341 1253 1520 1294 easdem
1548 1253 1687 1294 facul-

202 1326 331 1367 tates,
358 1321 563 1376 gratiam,
595 1325 638 1361 et
672 1320 997 1367 auctoritatem,
1038 1321 1200 1377 quibus
1231 1321 1339 1361 socii
1375 1321 1460 1377 ipsi
1493 1320 1681 1377 professi

202 1389 439 1441 donantur,
477 1388 532 1428 ad
564 1388 674 1428 alios
701 1387 1024 1444 quoscumque,
1061 1404 1172 1443 quos
1208 1388 1390 1429 idoneos
1424 1388 1516 1429 fore
1550 1388 1684 1429 iidem

204 1456 432 1512 prwpositi
479 1456 710 1510 generales
754 1455 1022 1503 censuerint,
1066 1455 1157 1496 ullo
1209 1455 1376 1512 absque
1430 1456 1594 1505 limite,
1642 1459 1686 1496 et

203 1539 386 1564 numero
412 1523 744 1564 extendendum
773 1523 930 1571 voluit,
967 1528 1100 1579 atque
1127 1523 1373 1576 mandavit,
1405 1539 1454 1564 ac
1476 1528 1684 1580 praeterea

201 1592 471 1632 Societatem
503 1592 662 1647 ipsam,
699 1596 743 1632 et
766 1591 1000 1631 universos
1027 1591 1147 1631 illius
1175 1591 1335 1641 socios,
1372 1596 1415 1632 et
1454 1606 1682 1647 personas,

201 1814 252 1850 ‹lu
281 1816 329 1850 2⁴5
354 1814 594 1865 Septembre
622 1813 733 1859 1540,
753 1819 789 1851 et
813 1814 910 1865 qu'il
933 1814 1142 1851 l'autorisa
1163 1818 1183 1851 a
1203 1814 1365 1864 rediger
1385 1814 1456 1851 des
1476 1817 1688 1851 statuts.et

203 1876 448 1923 reglements
469 1875 648 1913 destines
664 1880 683 1913 a
705 1889 864 1913 assurer
885 1889 925 1912 sa
954 1875 1218 1926 tranquillite,
1239 1889 1311 1912 son
1333 1876 1537 1913 existence
1553 1879 1594 1912 ct
1614 1888 1685 1912 son

203 1937 370 1987 regimc.
392 1937 455 1983 Et,
470 1938 649 1989 quoique
669 1938 703 1974 le
727 1951 829 1988 pape
851 1938 948 1975 Paul
973 1938 1071 1974 n’ait
1093 1926 1162 1989 pas
1184 1937 1323 1982 voulu,
1343 1942 1362 1974 ἐι
1385 1937 1585 1987 l'origine‚
1609 1949 1687 1988 que

203 1999 237 2036 la
256 1999 417 2036 Societe
435 1999 653 2044 naissante,
674 2000 900 2036 renfermee
919 1999 1019 2036 (lans
1037 1999 1091 2037 les
1111 1999 1201 2050 plus
1220 1999 1388 2036 etroites
1405 1998 1687 2043 limites,com—

202 2064 283 2112 prit
313 2061 403 2111 plus
426 2061 474 2097 de
501 2061 685 2098 soixante
711 2061 940 2109 Religicux,
966 2061 1221 2107 neanmoins,
1247 2075 1318 2111 par
1345 2060 1524 2098 d'autres
1549 2059 1687 2097 lettres

200 2122 339 2159 datecs
363 2122 415 2159 ‹lu
439 2124 488 2159 28
508 2123 657 2159 sevrier
682 2122 795 2165 1513,
821 2123 845 2159 il
869 2123 1017 2173 permit
1040 2122 1107 2173 (Γ)7
1132 2122 1331 2159 admettre
1354 2127 1444 2159 tous
1467 2135 1570 2159 ceux
1588 2120 1685 2172 qu'il

202 2184 412 2235 paraitrait
431 2189 638 2235 opportun
663 2198 715 2221 ou
739 2184 963 2221 necessaire
983 2184 1049 2234 d'y
1064 2184 1262 2220 recevoir.
1284 2183 1415 2228 Enlin,
1432 2196 1504 2234 par
1522 2196 1576 2220 un
1599 2182 1690 2219 bref

201 2259 249 2281 en
274 2246 404 2281 meme
429 2246 556 2282 forme
579 2246 630 2282 du
658 2248 702 2283 15
726 2246 946 2282 novembre
975 2245 1086 2291 1545),
1112 2245 1146 2282 le
1168 2246 1298 2282 meme
1320 2244 1432 2289 Paul,
1458 2249 1574 2281 notre
1597 2245 1686 2295 pre-

201 2306 430 2351 decesscur,
457 2306 551 2343 dota
581 2312 688 2344 cette
716 2307 876 2344 Societe
899 2308 946 2344 de
970 2307 1196 2343 nombreux
1219 2312 1255 2344 et
1285 2310 1364 2343 tres
1389 2305 1537 2355 grands
1562 2305 1688 2358 privi-

201 2368 321 2416 leges,
347 2369 511 2405 consera
534 2383 611 2405 aux
633 2369 850 2406 Generaux
874 2369 1007 2420 places
1027 2373 1046 2405 ἐι
1067 2383 1107 2405 sa
1132 2369 1212 2406 tete
1231 2368 1265 2405 le
1290 2368 1464 2419 pouvoir
1478 2368 1545 2419 d'y
1560 2367 1688 2404 intro-

201 2429 315 2467 duirc
335 2429 449 2478 vingt
468 2431 624 2480 prestes
640 2435 658 2467 a
678 2431 771 2467 titre
785 2430 834 2467 de
848 2430 1109 2480 coadjuteurs
1125 2430 1348 2481 spiffituels,
1364 2435 1401 2467 et
1419 2429 1468 2466 (le
1484 2428 1572 2467 leur
1587 2429 1686 2466 faire

204 2496 393 2541 partagcr
411 2491 466 2528 les
484 2492 718 2542 privileges,
736 2493 791 2529 les
814 2492 976 2529 l'aveurs
996 2497 1031 2529 et
1050 2492 1254 2529 l'autoritc'
1273 2493 1433 2529 assui-es
1450 2505 1527 2528 aux
1549 2490 1690 2528 Proses

201 2552 249 2589 de
283 2553 316 2589 la
349 2554 523 2591 sociem.
561 2554 588 2590 ll
625 2554 770 2591 voulut
801 2560 837 2591 et
867 2554 1051 2591 ordonna
1089 2568 1166 2604 quc
1201 2558 1306 2590 cette
1339 2552 1581 2603 permission
1613 2553 1686 2603 psit

201 2614 415 2660 s'ctcndre,
429 2629 520 2652 sans
534 2629 692 2652 aucune
710 2619 869 2653 reserve
884 2629 934 2652 on
950 2615 1169 2653 limitation
1183 2614 1232 2652 de
1246 2614 1430 2659 nombre,
1445 2618 1465 2651 a
1480 2618 1570 2651 tous
1583 2627 1685 2650 ceux

201 2676 269 2725 qni
291 2690 337 2712 cn
360 2677 533 2714 seraient
547 2677 668 2727 juges
685 2677 827 2727 dignes
844 2691 916 2728 par
931 2676 987 2714 les
1004 2678 1236 2714 (irenei-aux.
1252 2676 1309 2713 En
1325 2680 1457 2721 outre,
1474 2675 1508 2712 la
1526 2675 1685 2713 Societe

201 2737 444 2783 elle-infime,
482 2743 573 2775 tous
612 2738 667 2775 les
706 2738 908 2776 membres
945 2739 1015 2790 qni
1050 2738 1085 2775 la
1125 2737 1420 2789 composaicnt,
1457 2736 1564 2774 leurs
1596 2749 1685 2787 per-
