1883 3164
537 216 636 243 nater
673 223 690 238 «
730 214 914 243 nommts
948 216 997 241 m:
1033 214 1277 241 REDEMr'i'oR
1320 220 1336 236 υ
1598 200 1681 239 249

199 303 352 339 sertim
397 297 628 338 memorati
674 296 879 351 Gregorii
920 295 979 342 X,
1019 294 1361 350 prwdecessoris
1406 294 1448 334 in
1489 291 1684 347 generali

198 364 387 407 concilio
434 364 735 420 Lugdunensi,
779 378 878 405 cum
913 367 954 403 et
999 377 1116 403 nunc
1161 362 1214 403 de
1261 361 1481 403 Societate
1530 365 1686 412 agatur

197 438 295 474 tum
323 432 518 473 instituti
549 431 632 483 sui,
670 436 765 472 tum
788 430 1125 487 privilegiorum
1152 430 1286 471 etiam
1313 444 1495 470 suorum
1516 427 1684 468 ratione

199 500 551 541 mendicantium
595 499 800 539 ordinum
832 513 1018 539 numero
1065 497 1305 553 adscripta.
1338 501 1514 537 maturo
1541 494 1685 535 consi-

201 568 274 617 lio,
305 583 356 608 ex
391 571 510 608 certa
539 567 740 617 scientia,
772 571 815 607 et
849 565 1125 621 plenitudine
1159 564 1394 621 potestatis
1430 562 1684 620 apostolica·

197 635 483 691 sepedictam
508 634 777 676 Societatem
798 634 1103 689 extinguimus
1131 638 1175 674 et
1199 632 1540 689 supprimimus:
1571 629 1685 671 tolli-

199 718 299 744 mus
328 707 370 744 et
400 702 667 757 abrogamus
703 702 873 750 omnia,
913 707 956 742 et
989 701 1171 755 singula
1203 700 1298 755 ejus
1341 699 1508 749 officia,
1553 698 1683 739 mini-

197 770 352 822 steria,
392 775 433 811 et
473 770 906 814 administrationes,
970 769 1152 818 domus,
1217 768 1417 811 scholas.
1470 766 1681 819 collegia.

198 838 406 893 hospitia,
446 842 489 878 et
531 837 623 878 loca
656 852 946 893 quam-unique
981 837 1139 893 quavis
1181 836 1225 876 in
1267 835 1508 892 provincia,
1549 848 1684 889 regno

197 910 242 947 et
268 905 434 947 ditione
463 905 715 951 existentia,
744 910 787 946 et
812 905 941 945 modo
967 904 1167 960 quolibet
1208 904 1262 944 ad
1293 918 1391 943 eam
1419 901 1684 958 pertinentia

198 973 293 1029 ejus
317 977 501 1023 statuta,
527 988 687 1018 mores,
718 972 1084 1019 consuetudines,
1107 972 1298 1019 decreta,
1324 970 1682 1019 constitutiones,

198 1040 621 1095 etiamjuramento,
659 1040 997 1081 confirmatione
1033 1039 1276 1095 apostolica
1306 1044 1382 1080 aut
1418 1037 1527 1078 alias
1559 1037 1686 1077 robo—

198 1113 337 1154 ratas:
366 1108 511 1148 omnia
537 1108 660 1154 item,
685 1112 725 1148 et
751 1107 927 1161 singula
957 1107 1216 1164 privilegia:
1247 1112 1289 1147 et
1318 1105 1488 1146 indulta
1506 1119 1687 1159 genera-

198 1175 271 1227 lia,
306 1175 378 1217 vel
412 1176 634 1231 specialia,
670 1190 860 1231 quorum
902 1180 1080 1216 tenores
1114 1174 1425 1230 prwsentibus,
1459 1188 1507 1213 ac
1557 1172 1592 1212 si
1634 1172 1686 1212 de

199 1245 334 1287 verbo
361 1245 416 1286 ad
453 1245 639 1286 verbum
671 1251 821 1286 essent
851 1246 1032 1291 inserta,
1056 1261 1105 1286 ac
1142 1245 1318 1286 etiamsi
1346 1242 1579 1299 quibusvis
1603 1242 1687 1282 sor-

199 1314 348 1363 mulis,
380 1313 593 1355 clausulis
617 1312 912 1359 irritantibus,
936 1318 979 1353 et
1015 1312 1374 1368 quilmscu1mpie
1409 1310 1617 1362 vinculis,
1645 1314 1685 1350 et

196 1381 386 1422 decretis
420 1381 509 1422 sint
543 1386 754 1436 concepta
792 1396 871 1436 pro
910 1381 1039 1436 plene
1074 1385 1115 1421 et
1157 1380 1432 1420 sufficienter
1465 1377 1686 1434 expressis

197 1569 315 1602 notre
327 1577 456 1610 coeur,
473 1563 639 1601 suivant
653 1563 708 1600 les
727 1569 856 1600 traces
875 1563 924 1600 (le
942 1576 1007 1600 ces
1025 1565 1176 1600 memes
1199 1562 1523 1613 predecesseurs,
1541 1566 1579 1598 et
1595 1574 1686 1613 par-

196 1625 495 1664 ticulierement
540 1625 597 1663 les
641 1631 769 1662 traces
808 1639 887 1677 que
929 1625 1126 1673 Gregoire
1169 1624 1200 1661 X
1240 1638 1343 1662 nous
1380 1638 1399 1661 a
1441 1623 1604 1660 laissees
1635 1635 1685 1659 au

195 1687 363 1725 Concile
396 1687 558 1737 general
590 1687 639 1724 de
679 1688 805 1738 Lyon,
841 1687 1033 1738 puisqu‘il
1071 1686 1201 1737 s'agit,
1228 1687 1482 1723 maintenant
1519 1697 1681 1726 encore,

194 1750 316 1787 (l'une
344 1750 504 1787 Societe
538 1763 616 1801 que
647 1763 720 1787 son
753 1749 916 1787 institut
960 1763 1038 1786 non
1082 1749 1214 1786 moins
1253 1762 1332 1799 que
1372 1761 1434 1785 ses
1466 1746 1684 1798 privileges

196 1816 368 1862 rangent
389 1825 437 1848 au
464 1811 634 1848 nombre
665 1811 735 1849 des
768 1811 919 1849 Ordres
947 1811 1179 1848 mendiants
1199 1823 1206 1851 ς
1234 1812 1350 1862 apres
1371 1824 1395 1859 y
1415 1809 1531 1846 avoir
1552 1809 1684 1845 mure-

196 1878 307 1910 ment
326 1873 506 1919 ressechi,
528 1873 576 1910 de
604 1878 720 1910 notre
751 1873 928 1910 certaine
953 1873 1112 1910 science
1134 1878 1173 1910 et
1200 1872 1300 1909 dans
1332 1872 1366 1908 la
1396 1869 1607 1922 plenitude
1633 1869 1682 1905 de

194 1940 311 1972 notre
327 1935 544 1986 puissance
569 1934 842 1986 apostolique,
865 1949 967 1972 nous
987 1935 1249 1985 snpprimons
1268 1938 1307 1971 et
1330 1947 1431 1970 nous
1454 1932 1680 1969 abolissons

195 1996 317 2034 ladite
335 1996 495 2033 Societe
511 1995 558 2033 de
576 1996 715 2042 Jesns3
738 2011 838 2033 nous
857 1997 1140 2034 aneantissons
1159 2002 1197 2033 et
1219 2009 1321 2032 nous
1340 1995 1567 2043 abrogeons
1588 1998 1680 2030 tous

194 2072 256 2095 ses
296 2057 436 2095 offices
472 2072 521 2108 en
564 2057 726 2107 general
767 2063 805 2095 et
843 2058 1000 2095 chacun
1033 2072 1083 2095 en
1112 2057 1362 2109 partit-ulier,
1402 2055 1608 2092 fonctions
1641 2058 1680 2091 et

194 2119 560 2163 administrations,
583 2120 774 2165 maisons,
793 2120 943 2162 ecoles,
963 2120 1154 2168 colleges,
1181 2119 1380 2162 retraites,
1402 2130 1618 2168 gymnases
1642 2121 1679 2152 et

197 2187 287 2219 tous
312 2187 448 2220 autres
473 2181 583 2219 lieux
607 2181 676 2234 qni
699 2181 752 2219 lui
779 2182 1097 2233 appartiennent
1118 2181 1167 2218 de
1193 2180 1370 2232 quelque
1398 2179 1578 2217 maniere
1603 2191 1681 2229 que

196 2257 240 2281 ce
271 2243 364 2289 soit,
392 2248 430 2281 et
459 2257 507 2281 en
530 2244 707 2295 quelque
735 2244 950 2296 province,
979 2257 1175 2295 royaume
1206 2257 1257 2280 on
1289 2245 1373 2280 etat
1402 2240 1520 2293 qu'ils
1551 2239 1679 2277 soient

196 2305 344 2351 situe‘s;
380 2310 472 2342 tous
515 2319 576 2342 ses
615 2310 778 2350 statutS,
820 2310 1048 2351 coutumes,
1087 2319 1244 2353 usages,
1281 2304 1456 2345 (lecrets,
1486 2301 1680 2339 constitu-

198 2366 320 2409 tions,
345 2366 464 2404 celles
496 2368 648 2404 memes
679 2367 748 2418 qui
781 2367 836 2404 lui
865 2373 937 2405 ont
964 2370 1027 2405 ete
1057 2367 1301 2405 confirmees
1334 2379 1407 2417 par
1436 2367 1615 2402 serment
1644 2368 1683 2399 et

197 2441 296 2465 avec
319 2427 620 2479 l'approbation
647 2427 700 2466 (lu
717 2429 971 2478 Saint-Siege
988 2443 1038 2466 ou
1063 2433 1316 2473 autrement3
1343 2427 1604 2478 supprimons
1632 2424 1681 2460 de

195 2489 327 2527 meme
354 2494 447 2527 tous
479 2495 518 2526 et
547 2489 704 2527 chacun
741 2490 811 2527 des
845 2491 1064 2541 privileges
1095 2495 1135 2528 et
1172 2489 1337 2531 indults,
1364 2493 1449 2525 tant
1477 2489 1679 2537 generaux

196 2564 275 2602 que
292 2550 563 2602 particulierS,
588 2551 687 2588 dont
713 2565 815 2589 nous
841 2552 1015 2589 voulons
1046 2565 1125 2603 que
1156 2552 1189 2588 la
1218 2556 1361 2588 teneur
1385 2550 1462 2586 soit
1489 2546 1681 2598 regardee

195 2625 353 2650 comme
378 2613 627 2664 pleinement
649 2618 689 2650 et
713 2612 1011 2650 suffisamment
1038 2613 1245 2664 exprimec
1277 2626 1349 2663 par
1378 2625 1444 2648 ces
1472 2612 1680 2661 presentes

194 2672 348 2720 lettres,
373 2673 631 2712 absolument
648 2688 806 2712 comme
828 2675 911 2711 s'ils
930 2675 1081 2712 etaient
1102 2673 1334 2725 reproduits
1358 2672 1406 2710 ici
1429 2676 1514 2709 mot
1538 2676 1557 2708 ἐι
1576 2675 1675 2713 mot,

194 2740 233 2772 et
267 2735 354 2774 cela
381 2736 630 2774 nonobstant
659 2741 771 2774 toute
806 2736 980 2773 formule
1011 2749 1063 2773 ou
1097 2735 1233 2773 clause
1267 2734 1335 2786 qui
1371 2748 1397 2785 y
1430 2733 1554 2771 serait
1584 2746 1679 2771 con—
