1883 3164
530 228 630 256 BREF
667 234 685 253 «
724 228 906 256 nonius
940 228 988 254 As:
1022 228 1266 255 REDEMPTOR
1305 234 1321 252 υ
1581 216 1665 257 243

185 310 433 351 animarum
470 308 612 360 ruina,
653 324 702 350 ac
743 308 1015 364 populorum
1055 309 1348 351 admiratione
1390 326 1412 351 a
1453 311 1672 351 Societate

185 377 345 420 aeriter
370 376 582 427 excitata3
610 380 705 416 tum
739 376 873 417 ctiam
903 392 1036 432 super
1074 376 1453 432 interpretatione,
1480 384 1521 419 ct
1550 378 1673 434 praxi

186 445 463 486 ethnicorum
497 444 793 500 quorumdam
829 444 1002 485 rituum
1042 443 1265 500 aliquibus
1295 445 1338 485 in
1371 445 1478 486 locis
1510 446 1674 502 passim

185 511 398 563 adhibita,
418 511 596 552 omissis
616 512 684 559 iis,
704 511 851 567 quial)
874 511 1117 552 universali
1140 511 1333 554 Ecclesia
1358 519 1462 555 sunt
1480 515 1560 554 rite
1579 530 1674 569 pro—

187 580 279 621 bati
310 579 381 620 vel
410 593 542 635 super
566 584 716 620 earum
748 579 1072 620 sententiarum
1107 595 1191 620 usu
1221 585 1264 622 et
1295 581 1672 638 interpretatione,

188 662 298 703 quas
338 647 578 703 apostolica
621 646 758 688 Sedes
812 651 1028 702 tanquam
1074 647 1358 689 scandalosas
1408 650 1676 706 cptiquue

188 729 362 756 morum
387 713 632 770 disciplime
661 714 892 755 manifeste
929 715 1085 755 noxias
1113 716 1270 756 merito
1299 718 1574 773 proscripsit,
1606 717 1674 758 vel

186 782 284 824 aliis
308 782 489 823 demum
515 796 647 837 super
667 781 814 832 rebuS,
846 782 1026 822 maximi
1055 783 1261 838 equidem
1289 785 1518 837 momenti,
1550 790 1591 826 ct
1622 784 1674 825 ad

189 849 533 891 christianorum
551 849 811 905 dogmatum
834 849 1073 905 puritatem
1095 856 1275 903 sartam,
1295 856 1474 901 tectam,
1495 869 1677 893 servan-

191 917 291 958 dam
302 916 500 972 apprime
514 916 791 967 necessariis,
808 922 851 958 et
874 932 926 958 cx
953 917 1114 973 quibus
1136 924 1285 960 nostra
1304 920 1385 961 hac
1408 936 1494 961 non
1512 921 1674 971 minus,

192 999 326 1040 quam
360 984 574 1040 superiori
604 989 733 1025 {etate
766 984 960 1040 plurima
1002 985 1285 1028 dimanarunt
1318 987 1599 1041 detrimenta,
1636 993 1679 1029 et

193 1051 490 1097 incommoda,
548 1052 905 1107 perturbationes
968 1053 1176 1094 nimirum
1240 1070 1289 1095 ac
1349 1056 1570 1097 tumultus
1635 1057 1678 1096 in

194 1118 424 1160 nonnullis
457 1119 688 1160 catholicis
724 1119 998 1173 regionibus,
1027 1121 1236 1162 Ecclesia»
1271 1124 1604 1178 persecutiones
1635 1124 1677 1164 in

195 1186 465 1243 quibusdam
509 1187 628 1227 Asia¹
665 1192 707 1228 et
748 1188 936 1243 Europa·
989 1189 1245 1244 provinciis,
1282 1191 1440 1245 ingens
1489 1191 1678 1247 donique

197 1255 360 1295 allatus
397 1259 463 1295 est
498 1270 660 1294 moeror
687 1255 1090 1310 prwdecessoribus
1122 1257 1320 1301 Nostris.
1356 1263 1399 1299 ct
1429 1259 1472 1299 in
1498 1259 1566 1299 his
1597 1259 1679 1315 pia¹

197 1321 420 1363 memoria·
451 1321 711 1363 Innocentio
742 1338 816 1377 pp.
845 1322 920 1369 XI,
953 1324 1027 1378 qui
1056 1325 1319 1366 necessitate
1345 1327 1604 1383 compulsus
1630 1343 1679 1367 eo

195 1389 390 1440 devenIt‚
438 1394 489 1430 ut
540 1389 749 1431 Societati
799 1390 1078 1432 interdixerit
1133 1393 1328 1434 novitios
1371 1394 1425 1435 ad
1480 1395 1679 1435 habitum

198 1457 455 1506 admittere,
487 1461 579 1497 tum
610 1456 871 1498 Innocentio
894 1474 967 1514 pp.
997 1459 1127 1510 XIII,
1159 1460 1233 1516 qui
1267 1462 1469 1502 eamdem
1504 1478 1679 1518 pinnam

197 1529 378 1566 coactus
424 1523 506 1565 fuit
557 1524 699 1565 eidem
747 1526 1025 1577 comminari,
1070 1542 1118 1567 ac
1172 1529 1351 1569 tandem
1401 1545 1488 1572 rec.
1545 1546 1676 1571 meni.

198 1591 437 1633 Benedicto
477 1607 552 1648 pp.
585 1591 703 1645 XIV,
732 1593 807 1648 qui
844 1593 1147 1635 visitationem
1191 1595 1424 1637 domorum
1474 1598 1682 1652 collegio-

197 1769 246 1794 en
280 1755 373 1793 Asie
409 1761 448 1794 et
485 1769 535 1794 en
571 1757 820 1808 Annei-ique:
850 1758 930 1796 soit
962 1758 1304 1811 l'interpretation
1345 1767 1383 1799 et
1421 1762 1456 1800 la
1497 1763 1684 1814 pratique

199 1817 248 1855 de
295 1817 497 1855 certaines
548 1819 800 1856 ceremonies
853 1826 1046 1871 pa'i'ennes
1102 1821 1277 1860 admises
1333 1823 1433 1861 dans
1483 1825 1685 1876 plusieurs

200 1879 397 1923 cndroits,
422 1893 472 1916 en
509 1880 744 1929 negligeant
774 1881 896 1919 celles
929 1883 998 1933 qui
1024 1888 1117 1920 sont
1146 1888 1406 1935 approuvecs
1431 1900 1502 1937 par
1524 1878 1686 1935 l‘l'Cglise

205 1940 476 1987 universelle;
503 1941 583 1979 soit
601 1941 945 1994 sinterpretation
968 1950 1007 1981 et
1032 1945 1310 1997 l'application
1334 1947 1383 1985 de
1407 1961 1473 1985 ces
1492 1949 1687 1986 maxime<

201 2016 278 2054 que
303 2002 339 2040 le
362 2002 618 2053 Saint-Siege
636 2017 658 2041 a
675 2004 901 2055 justement
921 2006 1140 2057 proscrites
1161 2021 1319 2045 comme
1344 2009 1627 2048 scandaleuses
1649 2015 1686 2048 el

200 2064 531 2117 manifestement
560 2065 754 2103 nuisibles
784 2080 862 2103 aux
894 2067 1048 2105 bonnes
1073 2082 1247 2109 moeurs:
1275 2072 1352 2108 soit
1375 2074 1482 2108 enlin
1509 2073 1688 2111 d‘autres

202 2125 334 2178 objets
364 2126 414 2163 de
444 2126 481 2164 la
509 2126 602 2178 plus
630 2128 784 2178 grande
811 2129 1066 2180 importance
1091 2136 1129 2168 et
1161 2131 1417 2170 absolument
1441 2135 1689 2172 neccssaires

201 2202 307 2240 pour·
349 2201 572 2226 conserver
616 2203 696 2227 aux
734 2190 904 2240 dogmes
943 2191 992 2229 de
1037 2191 1073 2229 la
1117 2193 1306 2243 Religion
1340 2194 1576 2234 chretienne
1605 2196 1692 2234 leur

202 2251 346 2300 purete
374 2254 415 2287 et
446 2250 534 2287 leur
555 2250 761 2300 integrite,
781 2257 821 2290 et
847 2253 931 2304 qui,
957 2253 1056 2291 dans
1081 2268 1125 2292 ce
1144 2255 1265 2293 siecle
1288 2261 1328 2294 et
1351 2257 1452 2294 dans
1477 2257 1532 2295 les
1555 2261 1692 2310 prece—

204 2311 336 2357 dents,
364 2315 436 2349 ont
461 2311 534 2349 fait
562 2315 691 2350 naitre
724 2313 794 2351 (les
822 2314 922 2352 abus
944 2320 983 2352 et
1020 2316 1090 2354 des
1120 2331 1243 2354 maux
1272 2319 1588 2360 considefflbles
1618 2320 1691 2357 tels

203 2386 281 2424 que
322 2372 517 2418 troubles,
561 2374 764 2412 seditions
800 2376 901 2413 dans
940 2377 1142 2428 plusieurs
1189 2380 1303 2417 Etats
1339 2381 1608 2433 (atholiques
1654 2388 1691 2419 et

206 2447 334 2471 meme
367 2435 656 2485 peisecutions
686 2442 827 2474 contre
863 2429 922 2475 1'331
927 2438 1028 2489 glise
1056 2440 1156 2478 dans
1181 2442 1377 2493 quelques
1405 2444 1622 2494 pioxiiices
1645 2445 1693 2480 de

206 2495 229 2532 l
234 2495 329 2533 Asie
360 2500 400 2533 et
437 2495 486 2533 de
511 2496 717 2548 lEuiope.
752 2499 862 2536 sous
896 2513 969 2537 nos
1006 2501 1318 2552 pledecesseurs
1352 2518 1401 2541 en
1429 2509 1502 2542 ont
1523 2506 1691 2542 lessenti

207 2571 286 2594 une
319 2557 413 2595 vive
448 2557 624 2596 douleur
651 2564 705 2603 et,
739 2565 853 2598 entre
887 2567 1037 2607 autres,
1071 2563 1106 2600 le
1150 2564 1258 2616 Pape
1302 2565 1501 2604 Innocent
1539 2567 1609 2612 XI,
1646 2567 1695 2604 dc

208 2618 347 2670 pieuse
381 2620 591 2666 memoire,
619 2634 697 2672 que
723 2620 760 2658 la
794 2623 994 2661 necessite
1027 2626 1278 2675 contraignit
1303 2626 1352 2663 (le
1383 2626 1577 2665 defendre
1608 2631 1627 2665 ἐι
1660 2629 1695 2666 la

209 2679 368 2717 Societe
399 2680 448 2718 de
479 2681 640 2719 donner
659 2681 802 2720 l'habit
826 2687 846 2720 ὲ
874 2684 946 2722 des
977 2686 1158 2734 novices,
1191 2687 1389 2725 Innocent
1416 2689 1511 2726 XIII
1536 2690 1606 2741 qui
1635 2690 1695 2727 sut

209 2741 418 2780 contraint
438 2742 488 2780 de
514 2743 550 2781 la
576 2756 767 2782 menacer
786 2744 835 2782 de
856 2745 894 2784 la
914 2746 1046 2784 meme
1066 2747 1199 2799 peine,
1227 2753 1265 2786 et
1287 2749 1396 2787 enfin
1416 2749 1564 2789 Benoit
1587 2751 1694 2792 xlv,
