1883 3164
506 235 610 262 BREF
644 239 663 258 «
701 234 883 262 Dmllmfs
917 233 965 262 AC
998 234 1241 262 REDEMPTnn
1280 242 1297 256 »
1573 223 1654 264 259

162 316 314 358 sortiri
350 315 490 357 forma
531 319 576 356 et
611 314 743 356 modo
776 330 797 356 a
829 314 970 355 Nobis
998 330 1128 371 supra
1167 316 1391 371 expressis
1417 316 1500 358 sub
1521 332 1651 373 poena

165 383 346 440 majoris
389 382 866 424 excommunicationis
907 382 1004 439 ipso
1045 382 1161 424 facto
1203 383 1479 424 incurrenda—
1519 384 1657 425 Nobis

165 451 419 507 nostrisque
447 449 779 491 successoribus
810 450 1007 491 romanis
1038 450 1326 506 pontificibus
1350 466 1427 506 pro
1457 457 1653 509 tempore

166 518 463 560 existentibus
501 522 738 559 reservatae
775 517 992 559 adversus
1029 532 1355 574 quemcumque
1394 519 1469 575 qui
1508 519 1658 561 Nostri

168 586 288 628 hisce
303 585 464 627 litteris
483 585 781 641 adimplendis
802 584 1191 641 impedimentum,
1214 585 1387 627 obicem
1403 591 1480 628 aut
1493 602 1660 628 morani

173 668 396 710 apponere
417 652 766 710 praesumpserit.

227 720 495 763 Mandamus
547 720 730 776 insuper
777 735 827 760 ac
888 719 931 760 in
975 720 1138 761 virtute
1181 725 1347 762 sanctw
1400 721 1661 764 obedientia¹

173 788 455 846 praecipimus
476 787 684 828 omnibus
706 792 749 828 et
773 787 963 841 singulis
977 787 1178 843 personis
1196 788 1509 830 ecclesiasticis
1534 805 1663 845 regu-

172 855 356 908 laribus,
378 854 663 896 saecularibus
681 854 1000 912 cujuscumque
1015 855 1197 912 gradus,
1213 855 1461 911 dignitatis,
1480 858 1667 915 qualita-

172 923 231 964 tis
252 928 296 964 et
324 922 593 964 conditionis
615 928 658 963 et
684 923 738 963 iis
768 922 998 978 signanter
1020 923 1096 980 qui
1119 939 1259 980 usque
1285 924 1430 966 adhuc
1452 926 1662 969 Societati

174 990 340 1032 fuerint
359 990 571 1046 adscripti
587 995 628 1031 et
646 990 760 1031 inter
775 990 918 1032 socios
939 990 1095 1042 habiti,
1118 1006 1171 1032 ne
1198 991 1430 1034 defendere
1452 994 1660 1046 audeant,

175 1060 454 1116 impugnare,
484 1057 675 1099 scribere
700 1057 772 1099 vel
793 1058 926 1099 etiam
950 1058 1070 1115 loqui
1099 1058 1152 1100 de
1179 1059 1435 1115 hujusmodi
1458 1077 1664 1118 suppres-

175 1126 299 1168 sione
328 1125 471 1182 deque
499 1125 594 1182 ejus
621 1125 766 1167 causis
801 1130 843 1167 et
877 1126 1057 1167 motivis
1095 1127 1471 1183 quemadmodum
1498 1145 1577 1171 nec
1611 1130 1662 1171 de

176 1193 414 1236 Societatis
466 1193 689 1245 instituto,
741 1193 923 1250 regulis,
974 1194 1387 1240 constitutionibus.
1435 1197 1662 1253 regiminis

178 1261 319 1302 forma
345 1261 487 1302 aliave
509 1260 562 1302 de
584 1275 628 1301 re
659 1276 757 1317 quae
777 1261 833 1302 ad
853 1261 1110 1317 hujusmodi
1134 1263 1327 1318 pertinet
1347 1270 1662 1317 argumentum

177 1328 344 1385 absque
368 1343 575 1385 expressa
599 1329 768 1369 romani
796 1329 1024 1370 Pontiticis
1062 1329 1239 1370 licentia
1274 1346 1323 1371 ac
1358 1331 1493 1372 simili
1533 1333 1663 1373 modo

176 1396 261 1438 sub
276 1411 407 1452 poena
428 1396 920 1437 excommunicationis.
948 1396 1088 1437 Nobis
1109 1412 1159 1438 ac
1179 1399 1343 1439 nostris
1366 1415 1444 1455 pro
1466 1405 1663 1456 tempor‹¹

177 1463 519 1506 Successoribus
537 1469 772 1505 reservata·
799 1463 1087 1520 prohibemus
1108 1465 1317 1507 omnibus
1344 1472 1386 1508 et
1406 1467 1596 1523 singulis
1613 1484 1664 1509 ne

182 1645 361 1683 manicre
397 1645 597 1682 ci-clessus
640 1645 883 1686 ordonnees.
923 1660 1018 1683 sous
1063 1647 1179 1698 peine
1225 1647 1665 1689 ‹l‘cxcommunication

182 1706 364 1758 majeure
398 1720 605 1744 encourue
634 1721 707 1758 par
733 1706 769 1744 le
803 1707 888 1745 seul
925 1708 1011 1749 l'ait,
1036 1714 1076 1746 et
1108 1712 1295 1747 reservee
1332 1713 1350 1747 a
1387 1726 1488 1749 nous
1519 1718 1555 1750 et
1591 1727 1667 1750 aux

184 1769 330 1820 PapeS,
363 1782 437 1806 nos
466 1782 739 1810 successeurs,
773 1775 915 1807 contre
955 1770 1188 1822 quiconque
1221 1773 1367 1809 oserait
1405 1779 1600 1824 appot-ter
1632 1775 1667 1812 le

184 1829 372 1868 moindre
406 1830 601 1874 obstacle,
625 1830 935 1882 empechement
968 1845 1020 1869 ou
1047 1832 1153 1870 de'lai
1183 1835 1203 1870 ἐι
1232 1834 1476 1872 l'execution
1502 1836 1554 1873 dn
1580 1841 1669 1888 prc-

184 1897 277 1930 sent
299 1892 408 1930 Bref.

238 1954 351 1992 Nous
387 1953 591 1992 mandons
622 1968 670 1992 en
701 1960 833 1998 outre,
859 1961 899 1994 et.
929 1969 1032 1994 nous
1059 1956 1300 1999 defendons,
1326 1972 1375 1996 en
1410 1965 1528 1997 ver-tu
1557 1960 1606 1998 de
1634 1961 1669 1998 la

184 2015 316 2053 sainte
345 2014 582 2053 obeissance
601 2020 621 2054 a
649 2021 740 2054 tous
762 2017 818 2054 les
836 2016 1166 2070 ecclesiastiques
1190 2024 1229 2056 et
1250 2024 1270 2057 a
1294 2020 1451 2058 chacun
1473 2035 1520 2059 en
1544 2023 1672 2073 parti-

185 2076 329 2123 culier,
347 2077 544 2128 reguliers
564 2082 604 2115 et
622 2078 829 2124 seculierS,
849 2079 964 2129 quels
983 2093 1062 2131 que
1082 2080 1215 2118 soient
1234 2080 1323 2119 leur
1345 2082 1669 2134 grade,clig11ite,

186 2138 340 2190 qualite
374 2144 413 2176 et
440 2138 670 2185 condition,
697 2145 735 2177 et
764 2145 1020 2178 notamment
1047 2146 1067 2179 a
1092 2155 1195 2179 ceux
1218 2142 1286 2194 qui
1316 2148 1387 2181 ont
1417 2147 1482 2182 ete
1507 2145 1672 2198 jusqu'a

186 2202 353 2252 present
375 2199 518 2239 affilies
539 2205 559 2238 a
582 2201 617 2239 la
640 2202 801 2239 Societe
826 2207 865 2240 et
887 2203 957 2254 qui
985 2216 1034 2240 en
1062 2204 1214 2241 etaient
1239 2205 1456 2247 membres.
1479 2207 1618 2245 d'oser
1638 2207 1674 2246 la

187 2260 398 2308 defend1·e,
441 2261 672 2314 (l'attaquer
720 2263 756 2301 la
791 2264 1073 2316 suppression,
1109 2265 1280 2304 d'ecrire
1321 2273 1463 2305 contre
1503 2269 1593 2314 elle,
1637 2275 1676 2308 et

188 2324 319 2360 meme
341 2322 433 2361 d‘en
459 2323 606 2374 parler,
631 2325 671 2362 ni
691 2326 823 2363 meme
844 2325 893 2364 de
912 2326 1046 2378 parler
1067 2326 1116 2365 de
1142 2341 1204 2365 ses
1226 2342 1368 2366 causes
1387 2335 1425 2367 et
1451 2331 1605 2374 motifs,
1627 2331 1675 2370 de

189 2384 397 2429 l’institut,
429 2384 502 2422 des
529 2385 674 2435 regles,
711 2386 781 2424 des
811 2388 1118 2433 constitutions,
1155 2389 1204 2427 de
1241 2390 1277 2428 la
1311 2390 1526 2442 discipline
1558 2393 1606 2431 de
1640 2393 1676 2431 la

189 2445 352 2484 Societe
373 2459 427 2483 ou
457 2446 506 2484 de
532 2451 645 2485 toute
674 2452 790 2486 autre
820 2448 943 2486 chose
981 2449 1151 2489 relative
1173 2455 1194 2488 a
1215 2444 1321 2489 cette
1351 2453 1504 2499 affaire,
1532 2459 1569 2492 et
1592 2455 1675 2493 cela

192 2511 214 2545 a
234 2507 366 2545 moins
384 2506 504 2546 d'une
529 2509 772 2559 permission
797 2523 990 2561 expresse
1011 2511 1065 2549 du
1090 2512 1319 2551 Souverain
1356 2514 1532 2552 Pontife.
1565 2515 1678 2554 Nous

192 2567 419 2607 defendons
447 2571 469 2606 a
493 2574 584 2607 tous
612 2575 652 2607 et
685 2573 706 2608 a
742 2570 914 2618 chacun,
951 2586 1046 2610 sous
1079 2574 1198 2624 peine
1234 2574 1678 2615 d'excommunication

192 2632 380 2668 reservee
410 2635 432 2669 a
465 2645 568 2669 nous
587 2636 665 2669 eta
702 2645 775 2670 nos
806 2646 1078 2679 successeurs,
1099 2635 1149 2673 de
1169 2636 1343 2686 prendre
1366 2642 1474 2674 texte
1497 2638 1547 2675 de
1571 2643 1677 2676 cette

192 2692 457 2743 suppression
485 2706 590 2744 pour
618 2707 710 2731 oser
738 2699 928 2746 attaquer
954 2708 1006 2733 ou
1034 2709 1282 2748 provoquer,
1307 2711 1357 2735 en
1388 2704 1519 2736 secret
1542 2713 1595 2737 ou
1629 2713 1678 2737 en

193 2752 349 2804 public,
380 2753 431 2792 de
471 2754 563 2792 vive
597 2755 691 2793 voix
726 2768 779 2793 ou
813 2769 886 2807 par
918 2757 1033 2803 ecrit,
1072 2771 1145 2809 par
1173 2757 1244 2796 des
1274 2758 1475 2810 disputes,
1509 2760 1675 2813 injureS,
