1883 3164
219 240 243 280 8
661 252 709 280 LA
746 252 877 280 BULLE
911 257 930 277 «
970 252 1216 280 UMGEMTUS
1253 258 1271 276 η

923 395 1004 436 VII

282 509 391 560 Quae
418 509 591 551 utilitas
618 523 697 564 pro
729 507 906 548 homine
937 507 981 547 in
1011 507 1151 548 veteri
1184 506 1361 557 foedere,
1393 507 1438 547 in
1465 521 1553 563 quo
1581 506 1703 548 Deus

220 578 349 619 illum
370 577 550 634 reliquit
568 576 664 633 ejus
687 575 876 632 propriae
893 574 1158 627 infirmitati,
1177 574 1447 630 imponendo
1469 574 1555 630 ipsi
1575 589 1703 616 suam

220 646 394 702 legem?
433 644 542 695 Quae
578 659 682 685 vero
718 642 906 684 felicitas
937 658 1024 683 non
1064 647 1131 683 est
1164 641 1341 683 admitti
1374 641 1426 682 ad
1462 640 1622 694 foedus,
1658 641 1703 682 in

221 729 308 770 quo
336 713 457 754 Deus
478 712 606 753 nobis
628 711 764 752 donat
784 710 902 767 quod
928 710 1040 766 petit
1068 725 1090 751 a
1117 709 1279 751 nobis?

910 848 1015 890 VIII

283 965 376 1006 Nos
406 979 495 1004 non
527 963 802 1019 pertinemus
836 961 891 1002 ad
922 976 1088 1001 novum
1115 959 1258 1001 foedus
1292 960 1377 1000 nisi
1411 960 1455 1000 in
1488 964 1706 1016 quantum

222 1032 460 1090 participes
485 1046 641 1071 sumus
662 1030 802 1086 ipsius
824 1044 950 1069 novae
971 1028 1139 1083 gratiae,
1164 1043 1262 1084 quae
1281 1032 1489 1084 operatur
1512 1027 1557 1067 in
1578 1027 1707 1068 nobis

222 1100 266 1141 id
292 1099 410 1157 quod
436 1099 556 1139 Deus
583 1097 711 1138 nobis
738 1096 951 1153 praecipit.

942 1226 1001 1266 IX

284 1340 438 1382 Gratia
482 1339 651 1381 Christi
690 1344 757 1380 est
801 1338 943 1394 gratia
987 1353 1206 1393 suprema,
1235 1338 1328 1378 sine
1377 1352 1462 1393 qua
1508 1335 1708 1377 confiteri

227 1409 456 1450 Christum
481 1422 709 1463 nunquam
735 1421 991 1462 possumus,
1016 1410 1059 1446 et
1087 1420 1186 1446 cum
1215 1420 1301 1461 qua
1329 1416 1557 1460 nunquam
1581 1403 1708 1444 illum

225 1476 513 1532 abnegamus.

933 1693 1006 1730 Vll

283 1801 385 1844 Quel
406 1806 605 1850 avautage
625 1814 650 1851 y
674 1799 748 1837 a—il
774 1813 878 1850 pour
898 1798 1090 1836 l'homme
1111 1797 1212 1835 dans
1234 1811 1312 1834 une
1334 1796 1505 1834 alliance
1529 1797 1582 1832 οὐ
1606 1794 1711 1832 Dieu

232 1864 266 1900 le
292 1863 407 1900 laisse
430 1865 449 1899 a
472 1876 513 1899 sa
536 1875 683 1913 propre
716 1860 902 1898 saiblesse
927 1874 976 1897 en
1002 1859 1056 1897 lui
1081 1860 1286 1910 imposant
1311 1872 1351 1895 sa
1375 1858 1461 1895 loi‘?
1487 1857 1592 1895 Mais
1617 1855 1710 1908 quel

230 1924 415 1962 bonheur
436 1923 502 1975 n'y
524 1923 632 1960 a-t-il
659 1923 773 1974 point
796 1922 974 1960 (l'entrer
995 1921 1094 1959 dans
1111 1935 1189 1958 une
1211 1920 1381 1958 alliance
1407 1923 1457 1957 ou
1482 1918 1586 1956 Dieu
1610 1931 1712 1955 nous

233 1986 368 2023 donne
386 1999 431 2023 ee
453 1985 550 2037 qu‘il
577 1984 776 2022 demande
795 1984 844 2021 (le
872 1998 987 2022 nous.
1020 1983 1183 2027 (Helm,
1204 1984 1242 2024 8,
1268 1983 1303 2026 7,
1336 1981 1409 2019 Ed.
1441 1982 1554 2027 1693,
1582 1979 1711 2025 1699.)

926 2125 1022 2161 Vlll

289 2234 400 2270 Nous
428 2232 748 2283 n'appartenons
772 2234 792 2268 a
816 2231 850 2268 la
874 2230 1063 2268 nouvelle
1085 2229 1256 2267 alliance
1278 2228 1493 2279 qu‘autant.
1513 2240 1591 2278 que
1614 2239 1716 2264 nous

233 2309 359 2332 avons
382 2298 473 2345 part
494 2299 513 2331 ἐι
536 2298 641 2331 cette
666 2293 855 2331 nouvelle
882 2295 999 2342 grace
1015 2291 1083 2343 qui
1105 2293 1227 2342 opere
1249 2304 1297 2327 en
1321 2303 1422 2326 nous
1444 2303 1488 2326 ce
1508 2302 1585 2340 que
1611 2288 1714 2325 Dieu

233 2370 334 2393 nous
352 2355 607 2393 commande.
632 2355 793 2401 (Helm,
815 2357 853 2401 8,
885 2357 942 2392 10.
970 2353 1041 2391 Ed.
1074 2354 1186 2395 1693,
1217 2351 1345 2398 1699.)

947 2487 999 2523 lx

290 2595 362 2642 [Ge
383 2595 487 2630 11’est
510 2607 588 2645 que
609 2606 682 2644 par
700 2592 734 2630 la
757 2595 875 2641 grace
897 2592 945 2629 de
971 2591 1253 2629 lesus-Christ
1276 2603 1354 2641 que
1376 2602 1479 2626 nous
1496 2601 1672 2625 sommes
1694 2591 1714 2624 a

239 2656 372 2706 Diem]
397 2655 528 2692 (lraoe
551 2655 790 2691 souverainc
813 2668 906 2691 sans
929 2653 1102 2704 laquelle
1124 2666 1175 2689 011
1200 2665 1249 2689 ne
1272 2655 1369 2702 peut
1389 2649 1536 2701 jamais
1553 2649 1715 2686 confes-

234 2731 297 2754 ser
315 2716 609 2761 sexus-Christ„
626 2721 662 2753 et
684 2730 780 2753 aveo
804 2715 977 2766 laquelle
996 2728 1046 2751 on
1072 2729 1119 2752 ne
1143 2713 1300 2751 lerenie
1319 2712 1478 2763 jainais.
1501 2711 1630 2761 (Con,
1654 2713 1710 2756 12,

233 2781 269 2815 3.
293 2778 363 2814 led.
389 2778 514 2827 1693.)
