<?xml version="1.0" encoding="UTF-8"?>
<!DOCTYPE html PUBLIC "-//W3C//DTD XHTML 1.0 Transitional//EN"
    "http://www.w3.org/TR/xhtml1/DTD/xhtml1-transitional.dtd">
<html xmlns="http://www.w3.org/1999/xhtml" xml:lang="en" lang="en">
 <head>
  <title>
</title>
<meta http-equiv="Content-Type" content="text/html;charset=utf-8" />
  <meta name='ocr-system' content='tesseract 3.04.00' />
  <meta name='ocr-capabilities' content='ocr_page ocr_carea ocr_par ocr_line ocrx_word'/>
</head>
<body>
  <div class='ocr_page' id='page_1' title='image "./documentsrelatif02ment_0013.png"; bbox 0 0 1883 3164; ppageno 0'>
   <div class='ocr_carea' id='block_1_1' title="bbox 647 228 1652 267">
    <p class='ocr_par' dir='ltr' id='par_1_1' title="bbox 647 228 1652 267">
     <span class='ocr_line' id='line_1_1' title="bbox 647 228 1652 267; baseline 0.001 -2"><span class='ocrx_word' id='word_1_1' title='bbox 647 239 777 265; x_wconf 62' lang='lat' dir='ltr'>mmm</span> <span class='ocrx_word' id='word_1_2' title='bbox 813 244 831 262; x_wconf 89' lang='lat'>«</span> <span class='ocrx_word' id='word_1_3' title='bbox 872 238 1115 267; x_wconf 17' lang='lat' dir='ltr'>[isloi-:mres</span> <span class='ocrx_word' id='word_1_4' title='bbox 1152 246 1170 262; x_wconf 83' lang='lat'>»</span> <span class='ocrx_word' id='word_1_5' title='bbox 1629 228 1652 266; x_wconf 71' lang='lat'>53</span> 
     </span>
    </p>
   </div>
   <div class='ocr_carea' id='block_1_2' title="bbox 162 320 1655 2546">
    <p class='ocr_par' dir='ltr' id='par_1_2' title="bbox 166 320 1655 1595">
     <span class='ocr_line' id='line_1_2' title="bbox 175 320 1647 376; baseline 0.001 -16"><span class='ocrx_word' id='word_1_6' title='bbox 175 321 296 362; x_wconf 89' lang='lat' dir='ltr'>velut</span> <span class='ocrx_word' id='word_1_7' title='bbox 328 320 384 361; x_wconf 93' lang='lat' dir='ltr'>ob</span> <span class='ocrx_word' id='word_1_8' title='bbox 420 320 573 361; x_wconf 90' lang='lat' dir='ltr'>oculos</span> <span class='ocrx_word' id='word_1_9' title='bbox 611 334 949 376; x_wconf 66' lang='lat' dir='ltr'>exponeremus.</span> <span class='ocrx_word' id='word_1_10' title='bbox 992 320 1054 361; x_wconf 88' lang='lat' dir='ltr'>Ita</span> <span class='ocrx_word' id='word_1_11' title='bbox 1092 320 1302 361; x_wconf 85' lang='lat' dir='ltr'>nimirum</span> <span class='ocrx_word' id='word_1_12' title='bbox 1340 321 1575 362; x_wconf 68' lang='lat' dir='ltr'>slenudatis</span> <span class='ocrx_word' id='word_1_13' title='bbox 1612 328 1647 361; x_wconf 73' lang='lat' dir='ltr'>et</span> 
     </span>
     <span class='ocr_line' id='line_1_3' title="bbox 173 387 1652 445; baseline -0.001 -16"><span class='ocrx_word' id='word_1_14' title='bbox 173 388 301 445; x_wconf 81' lang='lat' dir='ltr'>quasi</span> <span class='ocrx_word' id='word_1_15' title='bbox 328 389 371 428; x_wconf 92' lang='lat' dir='ltr'>in</span> <span class='ocrx_word' id='word_1_16' title='bbox 398 387 633 445; x_wconf 89' lang='lat' dir='ltr'>propatulo</span> <span class='ocrx_word' id='word_1_17' title='bbox 662 388 834 444; x_wconf 72' lang='lat' dir='ltr'>positis,</span> <span class='ocrx_word' id='word_1_18' title='bbox 866 403 952 428; x_wconf 89' lang='lat' dir='ltr'>non</span> <span class='ocrx_word' id='word_1_19' title='bbox 981 403 1068 428; x_wconf 90' lang='lat' dir='ltr'>uno</span> <span class='ocrx_word' id='word_1_20' title='bbox 1092 388 1272 444; x_wconf 86' lang='lat' dir='ltr'>quidem</span> <span class='ocrx_word' id='word_1_21' title='bbox 1297 394 1369 429; x_wconf 85' lang='lat' dir='ltr'>aut</span> <span class='ocrx_word' id='word_1_22' title='bbox 1393 389 1546 434; x_wconf 72' lang='lat' dir='ltr'>altero,</span> <span class='ocrx_word' id='word_1_23' title='bbox 1577 390 1652 429; x_wconf 83' lang='lat' dir='ltr'>sed</span> 
     </span>
     <span class='ocr_line' id='line_1_4' title="bbox 166 455 1653 512; baseline 0 -16"><span class='ocrx_word' id='word_1_24' title='bbox 166 455 378 512; x_wconf 82' lang='lat' dir='ltr'>&#39;plurimis</span> <span class='ocrx_word' id='word_1_25' title='bbox 405 455 790 511; x_wconf 81' lang='lat' dir='ltr'>gravissimisque.</span> <span class='ocrx_word' id='word_1_26' title='bbox 819 461 914 496; x_wconf 91' lang='lat' dir='ltr'>tum</span> <span class='ocrx_word' id='word_1_27' title='bbox 937 455 1108 511; x_wconf 80' lang='lat' dir='ltr'>pridem</span> <span class='ocrx_word' id='word_1_28' title='bbox 1136 456 1375 500; x_wconf 76' lang='lat' dir='ltr'>damnatis,</span> <span class='ocrx_word' id='word_1_29' title='bbox 1400 462 1491 496; x_wconf 87' lang='lat' dir='ltr'>tum</span> <span class='ocrx_word' id='word_1_30' title='bbox 1522 457 1653 496; x_wconf 82' lang='lat' dir='ltr'>etiam</span> 
     </span>
     <span class='ocr_line' id='line_1_5' title="bbox 173 522 1653 579; baseline 0 -15"><span class='ocrx_word' id='word_1_31' title='bbox 173 538 285 564; x_wconf 84' lang='lat' dir='ltr'>nove</span> <span class='ocrx_word' id='word_1_32' title='bbox 325 523 580 564; x_wconf 81' lang='lat' dir='ltr'>adinventis</span> <span class='ocrx_word' id='word_1_33' title='bbox 620 522 844 564; x_wconf 82' lang='lat' dir='ltr'>erroribus</span> <span class='ocrx_word' id='word_1_34' title='bbox 882 524 1010 579; x_wconf 90' lang='lat' dir='ltr'>plane</span> <span class='ocrx_word' id='word_1_35' title='bbox 1051 523 1332 571; x_wconf 68' lang='lat' dir='ltr'>confidimus,</span> <span class='ocrx_word' id='word_1_36' title='bbox 1369 524 1653 564; x_wconf 69' lang='lat' dir='ltr'>benedicent(¹</span> 
     </span>
     <span class='ocr_line' id='line_1_6' title="bbox 174 591 1654 647; baseline -0.001 -15"><span class='ocrx_word' id='word_1_37' title='bbox 174 591 380 638; x_wconf 80' lang='lat' dir='ltr'>Domino,</span> <span class='ocrx_word' id='word_1_38' title='bbox 415 591 505 632; x_wconf 89' lang='lat' dir='ltr'>fore</span> <span class='ocrx_word' id='word_1_39' title='bbox 539 596 587 632; x_wconf 88' lang='lat' dir='ltr'>ut</span> <span class='ocrx_word' id='word_1_40' title='bbox 615 606 768 632; x_wconf 85' lang='lat' dir='ltr'>omnes</span> <span class='ocrx_word' id='word_1_41' title='bbox 797 591 977 632; x_wconf 90' lang='lat' dir='ltr'>tandem</span> <span class='ocrx_word' id='word_1_42' title='bbox 1011 597 1174 647; x_wconf 73' lang='lat' dir='ltr'>apertae</span> <span class='ocrx_word' id='word_1_43' title='bbox 1199 592 1291 647; x_wconf 86' lang='lat' dir='ltr'>jam</span> <span class='ocrx_word' id='word_1_44' title='bbox 1321 592 1654 647; x_wconf 70' lang='lat' dir='ltr'>manifestaeque</span> 
     </span>
     <span class='ocr_line' id='line_1_7' title="bbox 172 658 1655 716; baseline -0.001 -16"><span class='ocrx_word' id='word_1_45' title='bbox 172 659 350 700; x_wconf 76' lang='lat' dir='ltr'>veritati</span> <span class='ocrx_word' id='word_1_46' title='bbox 377 659 532 700; x_wconf 89' lang='lat' dir='ltr'>cedere</span> <span class='ocrx_word' id='word_1_47' title='bbox 556 658 895 715; x_wconf 78' lang='lat' dir='ltr'>compellantur.</span> <span class='ocrx_word' id='word_1_48' title='bbox 924 659 971 699; x_wconf 93' lang='lat' dir='ltr'>Id</span> <span class='ocrx_word' id='word_1_49' title='bbox 994 659 1141 716; x_wconf 87' lang='lat' dir='ltr'>ipsum</span> <span class='ocrx_word' id='word_1_50' title='bbox 1166 660 1357 701; x_wconf 80' lang='lat' dir='ltr'>maxime</span> <span class='ocrx_word' id='word_1_51' title='bbox 1382 675 1403 700; x_wconf 92' lang='lat' dir='ltr'>e</span> <span class='ocrx_word' id='word_1_52' title='bbox 1427 676 1469 700; x_wconf 84' lang='lat' dir='ltr'>re</span> <span class='ocrx_word' id='word_1_53' title='bbox 1496 659 1655 700; x_wconf 83' lang='lat' dir='ltr'>Catho-</span> 
     </span>
     <span class='ocr_line' id='line_1_8' title="bbox 172 726 1655 782; baseline -0.002 -14"><span class='ocrx_word' id='word_1_54' title='bbox 172 727 252 768; x_wconf 86' lang='lat' dir='ltr'>lica</span> <span class='ocrx_word' id='word_1_55' title='bbox 289 726 486 768; x_wconf 86' lang='lat' dir='ltr'>futurum</span> <span class='ocrx_word' id='word_1_56' title='bbox 508 731 548 767; x_wconf 92' lang='lat' dir='ltr'>et</span> <span class='ocrx_word' id='word_1_57' title='bbox 578 726 786 767; x_wconf 85' lang='lat' dir='ltr'>sedandis</span> <span class='ocrx_word' id='word_1_58' title='bbox 814 727 1059 782; x_wconf 63' lang='lat' dir='ltr'>praesertim</span> <span class='ocrx_word' id='word_1_59' title='bbox 1086 727 1128 767; x_wconf 88' lang='lat' dir='ltr'>in</span> <span class='ocrx_word' id='word_1_60' title='bbox 1159 728 1472 768; x_wconf 72' lang='lat' dir='ltr'>florentissimo</span> <span class='ocrx_word' id='word_1_61' title='bbox 1500 727 1655 767; x_wconf 71' lang='lat' dir='ltr'>Gallia·</span> 
     </span>
     <span class='ocr_line' id='line_1_9' title="bbox 176 793 1654 851; baseline 0 -17"><span class='ocrx_word' id='word_1_62' title='bbox 176 794 330 849; x_wconf 80' lang='lat' dir='ltr'>Regno</span> <span class='ocrx_word' id='word_1_63' title='bbox 369 793 536 835; x_wconf 85' lang='lat' dir='ltr'>exortis</span> <span class='ocrx_word' id='word_1_64' title='bbox 576 794 856 849; x_wconf 81' lang='lat' dir='ltr'>ingeniorum</span> <span class='ocrx_word' id='word_1_65' title='bbox 894 795 1011 835; x_wconf 78' lang='lat' dir='ltr'>varie</span> <span class='ocrx_word' id='word_1_66' title='bbox 1059 795 1360 851; x_wconf 79' lang='lat' dir='ltr'>opinantium,</span> <span class='ocrx_word' id='word_1_67' title='bbox 1393 796 1572 851; x_wconf 80' lang='lat' dir='ltr'>jamque</span> <span class='ocrx_word' id='word_1_68' title='bbox 1613 796 1654 834; x_wconf 89' lang='lat' dir='ltr'>in</span> 
     </span>
     <span class='ocr_line' id='line_1_10' title="bbox 172 861 1655 919; baseline 0 -17"><span class='ocrx_word' id='word_1_69' title='bbox 172 861 420 903; x_wconf 77' lang='lat' dir='ltr'>acerbiores</span> <span class='ocrx_word' id='word_1_70' title='bbox 460 862 677 903; x_wconf 81' lang='lat' dir='ltr'>scissuras</span> <span class='ocrx_word' id='word_1_71' title='bbox 704 862 1064 919; x_wconf 82' lang='lat' dir='ltr'>protendentium</span> <span class='ocrx_word' id='word_1_72' title='bbox 1089 862 1287 904; x_wconf 79' lang='lat' dir='ltr'>dissidiis</span> <span class='ocrx_word' id='word_1_73' title='bbox 1321 863 1517 919; x_wconf 80' lang='lat' dir='ltr'>apprime</span> <span class='ocrx_word' id='word_1_74' title='bbox 1556 878 1655 918; x_wconf 85' lang='lat' dir='ltr'>pro-</span> 
     </span>
     <span class='ocr_line' id='line_1_11' title="bbox 173 929 1655 987; baseline 0.001 -18"><span class='ocrx_word' id='word_1_75' title='bbox 173 930 361 979; x_wconf 80' lang='lat' dir='ltr'>ticuum;</span> <span class='ocrx_word' id='word_1_76' title='bbox 406 929 790 972; x_wconf 87' lang='lat' dir='ltr'>Conscientiarum</span> <span class='ocrx_word' id='word_1_77' title='bbox 825 930 1014 987; x_wconf 83' lang='lat' dir='ltr'>denique</span> <span class='ocrx_word' id='word_1_78' title='bbox 1048 930 1361 986; x_wconf 86' lang='lat' dir='ltr'>tranquillitati</span> <span class='ocrx_word' id='word_1_79' title='bbox 1394 931 1579 987; x_wconf 73' lang='lat' dir='ltr'>perutile</span> <span class='ocrx_word' id='word_1_80' title='bbox 1613 936 1655 970; x_wconf 73' lang='lat' dir='ltr'>et</span> 
     </span>
     <span class='ocr_line' id='line_1_12' title="bbox 175 997 1652 1054; baseline -0.001 -16"><span class='ocrx_word' id='word_1_81' title='bbox 175 997 492 1053; x_wconf 88' lang='lat' dir='ltr'>propemodum</span> <span class='ocrx_word' id='word_1_82' title='bbox 519 998 834 1041; x_wconf 82' lang='lat' dir='ltr'>necessarium.</span> <span class='ocrx_word' id='word_1_83' title='bbox 855 1014 941 1038; x_wconf 89' lang='lat' dir='ltr'>non</span> <span class='ocrx_word' id='word_1_84' title='bbox 971 998 1101 1039; x_wconf 92' lang='lat' dir='ltr'>modo</span> <span class='ocrx_word' id='word_1_85' title='bbox 1129 999 1298 1054; x_wconf 84' lang='lat' dir='ltr'>pra-fati</span> <span class='ocrx_word' id='word_1_86' title='bbox 1325 998 1546 1054; x_wconf 47' lang='lat' dir='ltr'>lipia-(qn,</span> <span class='ocrx_word' id='word_1_87' title='bbox 1578 998 1652 1038; x_wconf 79' lang='lat' dir='ltr'>sed</span> 
     </span>
     <span class='ocr_line' id='line_1_13' title="bbox 172 1065 1655 1121; baseline -0.001 -16"><span class='ocrx_word' id='word_1_88' title='bbox 172 1070 213 1106; x_wconf 84' lang='lat' dir='ltr'>et</span> <span class='ocrx_word' id='word_1_89' title='bbox 251 1065 345 1121; x_wconf 89' lang='lat' dir='ltr'>ipse</span> <span class='ocrx_word' id='word_1_90' title='bbox 388 1065 431 1105; x_wconf 90' lang='lat' dir='ltr'>in</span> <span class='ocrx_word' id='word_1_91' title='bbox 473 1065 628 1121; x_wconf 89' lang='lat' dir='ltr'>primis</span> <span class='ocrx_word' id='word_1_92' title='bbox 669 1065 958 1106; x_wconf 83' lang='lat' dir='ltr'>charissimus</span> <span class='ocrx_word' id='word_1_93' title='bbox 999 1067 1040 1106; x_wconf 90' lang='lat' dir='ltr'>in</span> <span class='ocrx_word' id='word_1_94' title='bbox 1093 1066 1270 1107; x_wconf 83' lang='lat' dir='ltr'>Christo</span> <span class='ocrx_word' id='word_1_95' title='bbox 1322 1066 1457 1106; x_wconf 80' lang='lat' dir='ltr'>Filius</span> <span class='ocrx_word' id='word_1_96' title='bbox 1506 1071 1655 1106; x_wconf 76' lang='lat' dir='ltr'>noster</span> 
     </span>
     <span class='ocr_line' id='line_1_14' title="bbox 175 1132 1651 1189; baseline 0 -16"><span class='ocrx_word' id='word_1_97' title='bbox 175 1132 442 1183; x_wconf 76' lang='lat' dir='ltr'>Ludovicus,</span> <span class='ocrx_word' id='word_1_98' title='bbox 460 1133 729 1173; x_wconf 79' lang='lat' dir='ltr'>Francorum</span> <span class='ocrx_word' id='word_1_99' title='bbox 746 1133 839 1173; x_wconf 81' lang='lat' dir='ltr'>Rex</span> <span class='ocrx_word' id='word_1_100' title='bbox 859 1133 1282 1176; x_wconf 74' lang='lat' dir='ltr'>ChristianissimuS.</span> <span class='ocrx_word' id='word_1_101' title='bbox 1302 1134 1427 1189; x_wconf 80' lang='lat' dir='ltr'>cujus</span> <span class='ocrx_word' id='word_1_102' title='bbox 1444 1134 1651 1174; x_wconf 76' lang='lat' dir='ltr'>eximium</span> 
     </span>
     <span class='ocr_line' id='line_1_15' title="bbox 173 1200 1654 1258; baseline -0.001 -18"><span class='ocrx_word' id='word_1_103' title='bbox 173 1201 214 1240; x_wconf 93' lang='lat' dir='ltr'>in</span> <span class='ocrx_word' id='word_1_104' title='bbox 235 1200 398 1241; x_wconf 89' lang='lat' dir='ltr'>tuenda</span> <span class='ocrx_word' id='word_1_105' title='bbox 423 1200 663 1242; x_wconf 72' lang='lat' dir='ltr'>Catholica¹</span> <span class='ocrx_word' id='word_1_106' title='bbox 686 1201 809 1241; x_wconf 89' lang='lat' dir='ltr'>Fidei</span> <span class='ocrx_word' id='word_1_107' title='bbox 825 1201 1031 1257; x_wconf 86' lang='lat' dir='ltr'>puritate.</span> <span class='ocrx_word' id='word_1_108' title='bbox 1051 1201 1413 1258; x_wconf 84' lang='lat' dir='ltr'>extirpandisquc</span> <span class='ocrx_word' id='word_1_109' title='bbox 1433 1200 1654 1242; x_wconf 73' lang='lat' dir='ltr'>erroribus</span> 
     </span>
     <span class='ocr_line' id='line_1_16' title="bbox 171 1268 1652 1325; baseline 0.001 -17"><span class='ocrx_word' id='word_1_110' title='bbox 171 1268 312 1308; x_wconf 86' lang='lat' dir='ltr'>zelum</span> <span class='ocrx_word' id='word_1_111' title='bbox 340 1268 448 1310; x_wconf 85' lang='lat' dir='ltr'>satis</span> <span class='ocrx_word' id='word_1_112' title='bbox 470 1268 649 1309; x_wconf 86' lang='lat' dir='ltr'>laudare</span> <span class='ocrx_word' id='word_1_113' title='bbox 672 1283 759 1308; x_wconf 91' lang='lat' dir='ltr'>non</span> <span class='ocrx_word' id='word_1_114' title='bbox 783 1284 1036 1324; x_wconf 83' lang='lat' dir='ltr'>possumus.</span> <span class='ocrx_word' id='word_1_115' title='bbox 1059 1269 1220 1325; x_wconf 69' lang='lat' dir='ltr'>swpius</span> <span class='ocrx_word' id='word_1_116' title='bbox 1243 1269 1370 1309; x_wconf 85' lang='lat' dir='ltr'>nobis</span> <span class='ocrx_word' id='word_1_117' title='bbox 1391 1275 1455 1309; x_wconf 80' lang='lat' dir='ltr'>est</span> <span class='ocrx_word' id='word_1_118' title='bbox 1480 1274 1652 1309; x_wconf 76' lang='lat' dir='ltr'>contes-</span> 
     </span>
     <span class='ocr_line' id='line_1_17' title="bbox 171 1336 1653 1392; baseline 0.001 -16"><span class='ocrx_word' id='word_1_119' title='bbox 171 1340 315 1383; x_wconf 70' lang='lat' dir='ltr'>tatus:</span> <span class='ocrx_word' id='word_1_120' title='bbox 339 1336 541 1392; x_wconf 85' lang='lat' dir='ltr'>repetitis</span> <span class='ocrx_word' id='word_1_121' title='bbox 566 1342 796 1392; x_wconf 88' lang='lat' dir='ltr'>propterea</span> <span class='ocrx_word' id='word_1_122' title='bbox 825 1351 926 1377; x_wconf 83' lang='lat' dir='ltr'>vere</span> <span class='ocrx_word' id='word_1_123' title='bbox 951 1337 1035 1392; x_wconf 90' lang='lat' dir='ltr'>piis</span> <span class='ocrx_word' id='word_1_124' title='bbox 1057 1342 1098 1377; x_wconf 91' lang='lat' dir='ltr'>et</span> <span class='ocrx_word' id='word_1_125' title='bbox 1125 1337 1509 1378; x_wconf 76' lang='lat' dir='ltr'>Christianissimo</span> <span class='ocrx_word' id='word_1_126' title='bbox 1535 1338 1653 1391; x_wconf 70' lang='lat' dir='ltr'>Rege</span> 
     </span>
     <span class='ocr_line' id='line_1_18' title="bbox 170 1403 1650 1460; baseline 0 -16"><span class='ocrx_word' id='word_1_127' title='bbox 170 1403 317 1460; x_wconf 85' lang='lat' dir='ltr'>dignis</span> <span class='ocrx_word' id='word_1_128' title='bbox 338 1403 494 1445; x_wconf 87' lang='lat' dir='ltr'>officiis</span> <span class='ocrx_word' id='word_1_129' title='bbox 515 1409 648 1460; x_wconf 89' lang='lat' dir='ltr'>atque</span> <span class='ocrx_word' id='word_1_130' title='bbox 672 1403 930 1445; x_wconf 77' lang='lat' dir='ltr'>ardentibus</span> <span class='ocrx_word' id='word_1_131' title='bbox 954 1405 1080 1446; x_wconf 71' lang='lat' dir='ltr'>Votis</span> <span class='ocrx_word' id='word_1_132' title='bbox 1105 1420 1129 1445; x_wconf 88' lang='lat' dir='ltr'>a</span> <span class='ocrx_word' id='word_1_133' title='bbox 1155 1405 1294 1445; x_wconf 74' lang='lat' dir='ltr'>Nobis</span> <span class='ocrx_word' id='word_1_134' title='bbox 1324 1405 1587 1460; x_wconf 70' lang='lat' dir='ltr'>efflagitans,</span> <span class='ocrx_word' id='word_1_135' title='bbox 1607 1411 1650 1445; x_wconf 74' lang='lat' dir='ltr'>ut</span> 
     </span>
     <span class='ocr_line' id='line_1_19' title="bbox 170 1471 1650 1528; baseline 0.001 -17"><span class='ocrx_word' id='word_1_136' title='bbox 170 1471 355 1513; x_wconf 89' lang='lat' dir='ltr'>instanti</span> <span class='ocrx_word' id='word_1_137' title='bbox 375 1472 623 1513; x_wconf 86' lang='lat' dir='ltr'>animarum</span> <span class='ocrx_word' id='word_1_138' title='bbox 647 1472 902 1513; x_wconf 86' lang='lat' dir='ltr'>necessitati</span> <span class='ocrx_word' id='word_1_139' title='bbox 924 1473 1093 1527; x_wconf 87' lang='lat' dir='ltr'>prolata</span> <span class='ocrx_word' id='word_1_140' title='bbox 1114 1473 1379 1528; x_wconf 80' lang='lat' dir='ltr'>quantocius</span> <span class='ocrx_word' id='word_1_141' title='bbox 1403 1472 1650 1528; x_wconf 65' lang='lat' dir='ltr'>Apostoliei</span> 
     </span>
     <span class='ocr_line' id='line_1_20' title="bbox 167 1539 918 1595; baseline 0 -15"><span class='ocrx_word' id='word_1_142' title='bbox 167 1554 354 1580; x_wconf 85' lang='lat' dir='ltr'>censura</span> <span class='ocrx_word' id='word_1_143' title='bbox 381 1539 539 1595; x_wconf 87' lang='lat' dir='ltr'>judicii</span> <span class='ocrx_word' id='word_1_144' title='bbox 571 1540 918 1580; x_wconf 87' lang='lat' dir='ltr'>consuleremus.</span> 
     </span>
    </p>

    <p class='ocr_par' dir='ltr' id='par_1_3' title="bbox 162 1607 1650 2546">
     <span class='ocr_line' id='line_1_21' title="bbox 231 1607 1647 1664; baseline 0 -16"><span class='ocrx_word' id='word_1_145' title='bbox 231 1607 345 1648; x_wconf 90' lang='lat' dir='ltr'>Hinc</span> <span class='ocrx_word' id='word_1_146' title='bbox 386 1607 640 1663; x_wconf 87' lang='lat' dir='ltr'>adspirante</span> <span class='ocrx_word' id='word_1_147' title='bbox 678 1608 885 1654; x_wconf 75' lang='lat' dir='ltr'>Domino,</span> <span class='ocrx_word' id='word_1_148' title='bbox 925 1607 1108 1664; x_wconf 84' lang='lat' dir='ltr'>ejusque</span> <span class='ocrx_word' id='word_1_149' title='bbox 1154 1609 1317 1649; x_wconf 56' lang='lat' dir='ltr'>caelesti</span> <span class='ocrx_word' id='word_1_150' title='bbox 1361 1624 1441 1664; x_wconf 77' lang='lat' dir='ltr'>ope</span> <span class='ocrx_word' id='word_1_151' title='bbox 1475 1610 1647 1652; x_wconf 81' lang='lat' dir='ltr'>conlisi,</span> 
     </span>
     <span class='ocr_line' id='line_1_22' title="bbox 169 1675 1649 1732; baseline 0.001 -16"><span class='ocrx_word' id='word_1_152' title='bbox 169 1675 362 1716; x_wconf 84' lang='lat' dir='ltr'>salutare</span> <span class='ocrx_word' id='word_1_153' title='bbox 384 1691 496 1731; x_wconf 91' lang='lat' dir='ltr'>opus</span> <span class='ocrx_word' id='word_1_154' title='bbox 519 1675 674 1716; x_wconf 90' lang='lat' dir='ltr'>sedulo</span> <span class='ocrx_word' id='word_1_155' title='bbox 696 1675 1035 1731; x_wconf 79' lang='lat' dir='ltr'>diligenterque.</span> <span class='ocrx_word' id='word_1_156' title='bbox 1062 1681 1107 1717; x_wconf 89' lang='lat' dir='ltr'>ut</span> <span class='ocrx_word' id='word_1_157' title='bbox 1132 1676 1193 1716; x_wconf 92' lang='lat' dir='ltr'>rei</span> <span class='ocrx_word' id='word_1_158' title='bbox 1216 1676 1475 1732; x_wconf 80' lang='lat' dir='ltr'>magnitudo</span> <span class='ocrx_word' id='word_1_159' title='bbox 1498 1682 1649 1732; x_wconf 87' lang='lat' dir='ltr'>postu-</span> 
     </span>
     <span class='ocr_line' id='line_1_23' title="bbox 169 1741 1646 1800; baseline -0.001 -17"><span class='ocrx_word' id='word_1_160' title='bbox 169 1741 305 1794; x_wconf 71' lang='lat' dir='ltr'>labat,</span> <span class='ocrx_word' id='word_1_161' title='bbox 347 1743 548 1799; x_wconf 79' lang='lat' dir='ltr'>aggressi</span> <span class='ocrx_word' id='word_1_162' title='bbox 587 1759 758 1786; x_wconf 79' lang='lat' dir='ltr'>sumus,</span> <span class='ocrx_word' id='word_1_163' title='bbox 808 1759 857 1784; x_wconf 87' lang='lat' dir='ltr'>ac</span> <span class='ocrx_word' id='word_1_164' title='bbox 891 1744 1106 1799; x_wconf 89' lang='lat' dir='ltr'>plurimas</span> <span class='ocrx_word' id='word_1_165' title='bbox 1147 1760 1199 1784; x_wconf 77' lang='lat' dir='ltr'>ex</span> <span class='ocrx_word' id='word_1_166' title='bbox 1242 1744 1452 1800; x_wconf 74' lang='lat' dir='ltr'>pra¹dicto</span> <span class='ocrx_word' id='word_1_167' title='bbox 1500 1744 1646 1787; x_wconf 79' lang='lat' dir='ltr'>Libro,</span> 
     </span>
     <span class='ocr_line' id='line_1_24' title="bbox 162 1810 1650 1867; baseline 0.001 -16"><span class='ocrx_word' id='word_1_168' title='bbox 162 1810 289 1865; x_wconf 84' lang='lat' dir='ltr'>juxta</span> <span class='ocrx_word' id='word_1_169' title='bbox 313 1825 445 1866; x_wconf 89' lang='lat' dir='ltr'>supra</span> <span class='ocrx_word' id='word_1_170' title='bbox 466 1811 709 1851; x_wconf 88' lang='lat' dir='ltr'>recensitas</span> <span class='ocrx_word' id='word_1_171' title='bbox 731 1812 978 1867; x_wconf 85' lang='lat' dir='ltr'>respective</span> <span class='ocrx_word' id='word_1_172' title='bbox 999 1811 1234 1865; x_wconf 71' lang='lat' dir='ltr'>editiones,</span> <span class='ocrx_word' id='word_1_173' title='bbox 1262 1812 1450 1852; x_wconf 81' lang='lat' dir='ltr'>fideliter</span> <span class='ocrx_word' id='word_1_174' title='bbox 1480 1817 1650 1852; x_wconf 81' lang='lat' dir='ltr'>extrac-</span> 
     </span>
     <span class='ocr_line' id='line_1_25' title="bbox 168 1878 1649 1936; baseline -0.001 -18"><span class='ocrx_word' id='word_1_175' title='bbox 168 1883 253 1928; x_wconf 83' lang='lat' dir='ltr'>tas,</span> <span class='ocrx_word' id='word_1_176' title='bbox 281 1882 323 1918; x_wconf 91' lang='lat' dir='ltr'>et</span> <span class='ocrx_word' id='word_1_177' title='bbox 352 1883 449 1918; x_wconf 90' lang='lat' dir='ltr'>tum</span> <span class='ocrx_word' id='word_1_178' title='bbox 477 1878 664 1924; x_wconf 76' lang='lat' dir='ltr'>Gallico,</span> <span class='ocrx_word' id='word_1_179' title='bbox 690 1884 786 1920; x_wconf 91' lang='lat' dir='ltr'>tum</span> <span class='ocrx_word' id='word_1_180' title='bbox 813 1879 970 1920; x_wconf 89' lang='lat' dir='ltr'>Latino</span> <span class='ocrx_word' id='word_1_181' title='bbox 996 1879 1204 1921; x_wconf 82' lang='lat' dir='ltr'>idiomate</span> <span class='ocrx_word' id='word_1_182' title='bbox 1230 1895 1465 1936; x_wconf 85' lang='lat' dir='ltr'>expressas</span> <span class='ocrx_word' id='word_1_183' title='bbox 1494 1896 1649 1936; x_wconf 88' lang='lat' dir='ltr'>propo-</span> 
     </span>
     <span class='ocr_line' id='line_1_26' title="bbox 171 1945 1649 2003; baseline 0.001 -17"><span class='ocrx_word' id='word_1_184' title='bbox 171 1945 355 1986; x_wconf 89' lang='lat' dir='ltr'>sitiones</span> <span class='ocrx_word' id='word_1_185' title='bbox 375 1961 398 1986; x_wconf 85' lang='lat' dir='ltr'>a</span> <span class='ocrx_word' id='word_1_186' title='bbox 424 1946 730 2002; x_wconf 88' lang='lat' dir='ltr'>compluribus</span> <span class='ocrx_word' id='word_1_187' title='bbox 752 1947 795 1987; x_wconf 91' lang='lat' dir='ltr'>in</span> <span class='ocrx_word' id='word_1_188' title='bbox 822 1947 954 1988; x_wconf 87' lang='lat' dir='ltr'>Sacra</span> <span class='ocrx_word' id='word_1_189' title='bbox 978 1947 1219 2002; x_wconf 72' lang='lat' dir='ltr'>Theologia</span> <span class='ocrx_word' id='word_1_190' title='bbox 1239 1948 1485 2002; x_wconf 78' lang='lat' dir='ltr'>MagistriS.</span> <span class='ocrx_word' id='word_1_191' title='bbox 1508 1948 1649 2003; x_wconf 90' lang='lat' dir='ltr'>primo</span> 
     </span>
     <span class='ocr_line' id='line_1_27' title="bbox 169 2012 1649 2069; baseline 0.001 -16"><span class='ocrx_word' id='word_1_192' title='bbox 169 2012 350 2069; x_wconf 88' lang='lat' dir='ltr'>quidem</span> <span class='ocrx_word' id='word_1_193' title='bbox 383 2028 528 2054; x_wconf 86' lang='lat' dir='ltr'>coram</span> <span class='ocrx_word' id='word_1_194' title='bbox 558 2013 730 2054; x_wconf 84' lang='lat' dir='ltr'>duobus</span> <span class='ocrx_word' id='word_1_195' title='bbox 764 2030 815 2055; x_wconf 81' lang='lat' dir='ltr'>ex</span> <span class='ocrx_word' id='word_1_196' title='bbox 853 2014 1192 2056; x_wconf 65' lang='lat' dir='ltr'>Venerabilibus</span> <span class='ocrx_word' id='word_1_197' title='bbox 1221 2015 1450 2056; x_wconf 79' lang='lat' dir='ltr'>Fratribus</span> <span class='ocrx_word' id='word_1_198' title='bbox 1487 2015 1649 2056; x_wconf 71' lang='lat' dir='ltr'>nostris</span> 
     </span>
     <span class='ocr_line' id='line_1_28' title="bbox 169 2080 1644 2135; baseline 0.001 -13"><span class='ocrx_word' id='word_1_199' title='bbox 169 2080 343 2122; x_wconf 81' lang='lat' dir='ltr'>Sanctae</span> <span class='ocrx_word' id='word_1_200' title='bbox 378 2081 590 2122; x_wconf 74' lang='lat' dir='ltr'>Romame</span> <span class='ocrx_word' id='word_1_201' title='bbox 621 2082 830 2123; x_wconf 65' lang='lat' dir='ltr'>Ecclesia)</span> <span class='ocrx_word' id='word_1_202' title='bbox 869 2083 1181 2123; x_wconf 85' lang='lat' dir='ltr'>Cardinalibus</span> <span class='ocrx_word' id='word_1_203' title='bbox 1214 2088 1416 2124; x_wconf 80' lang='lat' dir='ltr'>accurate</span> <span class='ocrx_word' id='word_1_204' title='bbox 1447 2083 1608 2135; x_wconf 81' lang='lat' dir='ltr'>discuti</span> <span class='ocrx_word' id='word_1_205' title='bbox 1638 2096 1644 2123; x_wconf 85' lang='lat'><strong>:</strong></span> 
     </span>
     <span class='ocr_line' id='line_1_29' title="bbox 168 2148 1647 2207; baseline 0.001 -19"><span class='ocrx_word' id='word_1_206' title='bbox 168 2148 326 2189; x_wconf 89' lang='lat' dir='ltr'>deinde</span> <span class='ocrx_word' id='word_1_207' title='bbox 359 2164 462 2189; x_wconf 80' lang='lat' dir='ltr'>vero</span> <span class='ocrx_word' id='word_1_208' title='bbox 490 2164 639 2190; x_wconf 87' lang='lat' dir='ltr'>coram</span> <span class='ocrx_word' id='word_1_209' title='bbox 668 2149 823 2193; x_wconf 83' lang='lat' dir='ltr'>Nobis.</span> <span class='ocrx_word' id='word_1_210' title='bbox 854 2150 1053 2191; x_wconf 86' lang='lat' dir='ltr'>adhibito</span> <span class='ocrx_word' id='word_1_211' title='bbox 1081 2151 1214 2191; x_wconf 86' lang='lat' dir='ltr'>etiam</span> <span class='ocrx_word' id='word_1_212' title='bbox 1243 2150 1427 2191; x_wconf 88' lang='lat' dir='ltr'>aliorum</span> <span class='ocrx_word' id='word_1_213' title='bbox 1455 2150 1647 2207; x_wconf 86' lang='lat' dir='ltr'>plurium</span> 
     </span>
     <span class='ocr_line' id='line_1_30' title="bbox 169 2215 1645 2274; baseline 0.003 -18"><span class='ocrx_word' id='word_1_214' title='bbox 169 2215 472 2258; x_wconf 85' lang='lat' dir='ltr'>Cardinalium</span> <span class='ocrx_word' id='word_1_215' title='bbox 490 2217 692 2262; x_wconf 82' lang='lat' dir='ltr'>consilio.</span> <span class='ocrx_word' id='word_1_216' title='bbox 711 2233 844 2274; x_wconf 84' lang='lat' dir='ltr'>quam</span> <span class='ocrx_word' id='word_1_217' title='bbox 857 2219 1051 2259; x_wconf 79' lang='lat' dir='ltr'>maxima</span> <span class='ocrx_word' id='word_1_218' title='bbox 1066 2218 1297 2274; x_wconf 79' lang='lat' dir='ltr'>diligentia</span> <span class='ocrx_word' id='word_1_219' title='bbox 1314 2234 1362 2259; x_wconf 81' lang='lat' dir='ltr'>ac</span> <span class='ocrx_word' id='word_1_220' title='bbox 1376 2218 1645 2260; x_wconf 77' lang='lat' dir='ltr'>maturitate.</span> 
     </span>
     <span class='ocr_line' id='line_1_31' title="bbox 167 2283 1647 2342; baseline 0.001 -18"><span class='ocrx_word' id='word_1_221' title='bbox 167 2283 445 2338; x_wconf 82' lang='lat' dir='ltr'>singularum</span> <span class='ocrx_word' id='word_1_222' title='bbox 460 2285 640 2342; x_wconf 90' lang='lat' dir='ltr'>insuper</span> <span class='ocrx_word' id='word_1_223' title='bbox 661 2286 1013 2342; x_wconf 86' lang='lat' dir='ltr'>propositionum</span> <span class='ocrx_word' id='word_1_224' title='bbox 1036 2302 1136 2327; x_wconf 86' lang='lat' dir='ltr'>cum</span> <span class='ocrx_word' id='word_1_225' title='bbox 1158 2286 1347 2342; x_wconf 83' lang='lat' dir='ltr'>ipsomet</span> <span class='ocrx_word' id='word_1_226' title='bbox 1368 2286 1487 2326; x_wconf 84' lang='lat' dir='ltr'>Libri</span> <span class='ocrx_word' id='word_1_227' title='bbox 1509 2286 1647 2326; x_wconf 65' lang='lat' dir='ltr'>&#39;l‘extu</span> 
     </span>
     <span class='ocr_line' id='line_1_32' title="bbox 167 2351 1649 2410; baseline 0.001 -19"><span class='ocrx_word' id='word_1_228' title='bbox 167 2351 447 2393; x_wconf 83' lang='lat' dir='ltr'>exactissime</span> <span class='ocrx_word' id='word_1_229' title='bbox 481 2352 593 2394; x_wconf 85' lang='lat' dir='ltr'>facta</span> <span class='ocrx_word' id='word_1_230' title='bbox 629 2353 880 2399; x_wconf 81' lang='lat' dir='ltr'>collatione,</span> <span class='ocrx_word' id='word_1_231' title='bbox 922 2354 1088 2410; x_wconf 77' lang='lat' dir='ltr'>pluries</span> <span class='ocrx_word' id='word_1_232' title='bbox 1123 2354 1292 2395; x_wconf 84' lang='lat' dir='ltr'>iteratis</span> <span class='ocrx_word' id='word_1_233' title='bbox 1332 2353 1649 2407; x_wconf 73' lang='lat' dir='ltr'>Congregatio—</span> 
     </span>
     <span class='ocr_line' id='line_1_33' title="bbox 168 2418 1645 2475; baseline 0 -16"><span class='ocrx_word' id='word_1_234' title='bbox 168 2418 316 2472; x_wconf 85' lang='lat' dir='ltr'>nibus,</span> <span class='ocrx_word' id='word_1_235' title='bbox 364 2420 555 2475; x_wconf 80' lang='lat' dir='ltr'>expendi</span> <span class='ocrx_word' id='word_1_236' title='bbox 608 2426 648 2461; x_wconf 92' lang='lat' dir='ltr'>et</span> <span class='ocrx_word' id='word_1_237' title='bbox 699 2421 938 2462; x_wconf 86' lang='lat' dir='ltr'>examinari</span> <span class='ocrx_word' id='word_1_238' title='bbox 999 2421 1323 2462; x_wconf 78' lang='lat' dir='ltr'>mandavimus.</span> <span class='ocrx_word' id='word_1_239' title='bbox 1382 2420 1645 2475; x_wconf 75' lang='lat' dir='ltr'>Hujusniodi</span> 
     </span>
     <span class='ocr_line' id='line_1_34' title="bbox 167 2487 1485 2546; baseline 0.003 -20"><span class='ocrx_word' id='word_1_240' title='bbox 167 2491 314 2528; x_wconf 88' lang='lat' dir='ltr'>autem</span> <span class='ocrx_word' id='word_1_241' title='bbox 341 2487 666 2543; x_wconf 87' lang='lat' dir='ltr'>propositiones</span> <span class='ocrx_word' id='word_1_242' title='bbox 690 2495 808 2535; x_wconf 79' lang='lat' dir='ltr'>sunt,</span> <span class='ocrx_word' id='word_1_243' title='bbox 838 2505 933 2546; x_wconf 64' lang='lat' dir='ltr'>qua‘</span> <span class='ocrx_word' id='word_1_244' title='bbox 962 2495 1221 2546; x_wconf 79' lang='lat' dir='ltr'>sequuntur,</span> <span class='ocrx_word' id='word_1_245' title='bbox 1252 2489 1443 2529; x_wconf 75' lang='lat' dir='ltr'>vidilicet</span> <span class='ocrx_word' id='word_1_246' title='bbox 1479 2503 1485 2530; x_wconf 82' lang='lat'>2</span> 
     </span>
    </p>
   </div>
  </div>
 </body>
</html>
